2386 3742
392 679 743 758 PRAEFATIO.

512 859 618 866 *-

145 965 305 1032 Varronis
336 987 444 1029 rerum
467 964 663 1030 rusticarum
686 963 789 1029 libros
814 986 907 1047 anno
923 965 1011 1030 1884
1035 985 1073 1028 eo

57 1059 226 1140 apparatu,
250 1077 312 1139 quo
333 1053 374 1118 ad
393 1054 566 1118 lectionem
585 1054 838 1118 confirmandam
857 1053 949 1118 etad
968 1075 1073 1118 emen·

57 1146 222 1212 dationem
241 1142 499 1228 praeparandam
519 1164 599 1225 opus
614 1163 684 1206 esse
700 1142 878 1224 videbatur,
896 1144 1073 1208 instructos

57 1233 151 1298 edidi.
187 1256 263 1297 nam
289 1233 442 1317 quoniam
459 1230 572 1302 ¹omnis
595 1232 712 1297 horum
735 1232 894 1296 librorum
918 1232 1075 1295 memoria

56 1345 122 1387 uno
151 1323 344 1387 continetur
363 1320 485 1400 codice,
513 1321 569 1405 qui
585 1321 675 1388 ,olim
707 1325 739 1384 et
767 1321 808 1386 ab
836 1321 963 1405 Angelo
987 1319 1074 1385 Poli-

56 1412 147 1476 tiano
175 1433 249 1475 cum
276 1409 421 1495 principe
452 1409 592 1474 editione
615 1409 754 1475 collatus
779 1414 811 1475 et
836 1433 854 1475 a
878 1409 974 1474 Petro
999 1409 1074 1474 Vic-

56 1501 143 1566 toria
172 1500 213 1564 ad
240 1521 360 1579 novam
388 1498 564 1564 editionem
592 1499 770 1583 parandam
799 1499 964 1568 adhibitus
994 1504 1074 1579 erat,

55 1594 172 1674 postea
201 1592 309 1653 autem
341 1587 448 1672 periit,
482 1590 558 1652 ante
588 1589 697 1653 omnia
726 1589 888 1673 scriptura
915 1589 948 1652 in
977 1588 1074 1652 editis

57 1679 296 1762 exemplaribus
323 1677 532 1742 vehementer
562 1677 739 1760 depravata
767 1678 807 1745 ad
834 1677 933 1741 fidem
964 1676 1073 1741 arche·

54 1768 131 1850 typi
158 1766 341 1831 revocanda
369 1771 448 1832 erat.
499 1766 760 1830 emendationem
788 1788 899 1831 eorum
929 1787 1012 1850 quae
1039 1765 1073 1829 in

54 1856 114 1919 illo
138 1860 293 1940 corrupta
317 1859 410 1918 erant
438 1858 568 1938 praeter
591 1855 766 1920 manifesta
789 1857 970 1938 scripturae
992 1853 1075 1918 vitia

55 1947 90 2008 et
114 1945 282 2028 quaedam,
310 1965 392 2028 quae
416 1945 497 2008 satis
520 1946 609 2008 certo
633 1944 805 2009 emendata
828 1965 899 2008 esse
923 1943 1004 2006 mihi
1027 1944 1074 2007 vi-

56 2032 225 2111 debantur,
249 2034 480 2097 commentario
504 2033 615 2098 critico
640 2032 809 2117 destinavi,
836 2055 877 2097 ne
900 2032 1073 2115 adscriptis

55 2121 361 2206 antiquissimarum
398 2121 577 2186 editionum
609 2122 804 2187 lectionibus
837 2126 871 2186 et
903 2121 1073 2187 doctorum

54 2211 201 2274 virorum
230 2210 424 2275 coniecturis
447 2232 544 2275 verae
567 2210 747 2295 scripturae
770 2211 927 2276 memoria
950 2213 1074 2295 pertur-

55 2301 199 2365 baretur.
244 2321 329 2364 nunc
358 2321 431 2364 cum
459 2299 567 2364 minor
591 2301 766 2364 eorundem
789 2300 949 2365 librorum
973 2298 1073 2363 editio

55 2387 99 2452 ad
141 2409 345 2453 communem
382 2410 477 2452 usum
514 2391 759 2455 accommodata
796 2389 941 2473 paranda
978 2390 1073 2470 esset,

53 2477 246 2561 priusquam
280 2476 505 2542 commentarii
537 2477 722 2562 ederentur,
758 2479 859 2542 rerba
895 2477 1073 2561 scriptoris,

56 2571 216 2649 quantum
240 2566 371 2650 quidem
393 2566 463 2630 fieri
486 2568 626 2648 poterat,
649 2566 821 2632 emendata
844 2565 984 2632 exhibui.
1017 2566 1073 2630 scd

54 2659 94 2718 ut
125 2677 166 2718 ne
198 2654 272 2718 huic
307 2654 435 2738 quidem
464 2654 601 2719 editioni
629 2659 753 2720 certum
781 2656 930 2721 lectionis
957 2654 1073 2718 funda-

54 2748 203 2806 mentum
226 2744 362 2824 deesset,
389 2767 408 2808 a
431 2742 575 2809 librariis
599 2745 639 2809 de
660 2745 794 2810 nostris·
807 2744 927 2808 litteris
950 2743 1073 2826 optime

54 2833 181 2897 meritis
211 2831 305 2897 facile
333 2832 518 2918 impetrari,
550 2836 588 2898 ut
616 2834 724 2899 brevis
749 2833 916 2898 adnotatio
941 2832 1073 2896 addere-

53 2924 123 3002 tur,
159 2922 195 2984 in
224 2942 288 3005 qua
318 2926 351 2984 et
379 2922 541 3005 scriptura
566 2923 686 2987 veteris
716 2923 793 2987 libri
823 2944 920 2986 manu
951 2920 1073 3005 scripti,

53 3010 251 3092 ubicumque
283 3011 324 3074 ab
349 3030 387 3076 ea
410 3032 497 3075 nora
525 3011 623 3076 editio
652 3011 827 3096 recederet,
858 3011 1073 3089 exhiberetur,

55 3104 89 3162 et
117 3121 136 3162 a
163 3098 281 3182 quibus
309 3100 494 3165 auctoribus
523 3101 707 3166 emendatio
730 3101 835 3184 petita
862 3102 962 3183 esset,
989 3098 1072 3162 indi-

54 3190 190 3252 caretur.
236 3187 347 3272 itaqne
379 3189 414 3253 in
446 3190 553 3272 priore
582 3193 676 3275 parte
706 3189 926 3255 adnotationis
954 3188 1072 3252 discre-

53 3277 203 3361 pantiam
228 3276 394 3363 archetypi
414 3278 549 3365 codicis,
572 3302 614 3346 ex
637 3301 703 3368 quo
719 3278 848 3344 iitibr'i
863 3277 1097 3363 sumusnost-

53 3365 175 3428 utimur
195 3365 350 3451 descripti
367 3373 458 3460 sunt,
478 3372 589 3462 posui,
612 3373 653 3441 'm
670 3372 788 3441 attera
803 3391 850 3435 ea
866 3383 957 3451 suae
974 3358 1024 3421 aa
1039 3352 1128 3413 ‹ebur›

879 3465 882 3470 .
928 3461 969 3518 m„
