2386 3742
113 141 154 206 76
525 141 712 197 VARRONIS

111 310 220 352 rerum
239 288 436 353 rusticarum
455 287 599 360 omnium
618 288 771 372 palmam,
790 309 852 370 quo
872 287 988 353 melius
1008 291 1120 372 potest,

112 376 206 442 dicet.
253 376 334 443 Oum
358 377 594 441 convertissent
616 376 651 440 in
675 398 748 441 eum
772 397 829 440 ora
852 397 974 456 omnes,
1004 376 1120 462 Scrofa,

112 464 232 550 Igitur,
263 465 385 550 inquit,
418 469 468 529 est
496 465 634 530 scientia
661 465 788 548 pecoris
819 465 958 549 parandi
986 488 1027 532 ac
1054 488 1121 550 pas·

113 553 214 638 cendi,
242 557 279 619 ut
305 555 429 619 fructus
458 575 553 637 quam
582 554 711 637 possint
733 554 868 619 maximi
891 555 1068 638 capiantur
1088 575 1122 620 er

113 664 159 725 eo,
184 664 204 706 a
227 643 343 726 quibus
366 643 439 726 ipsa
461 642 598 725 pecunia
620 643 792 708 nominata
813 647 876 707 est:
917 665 996 708 nam
1021 645 1149 710 omnies

62 742 100 800 12
111 731 266 816 pecuniae
284 754 383 815 pecus
402 731 657 798 fundamentum.
696 753 735 797 ca
752 734 861 816 partes
880 730 982 796 habet
1000 754 1123 817 novem,
1164 774 1167 785 ·

113 821 270 885 discretas
297 825 349 886 ter
375 824 504 905 ternas,
530 823 569 884 ut
597 820 640 884 sit
666 843 731 885 una
759 820 798 884 de
827 821 1010 886 minoribus
1033 843 1123 906 pecu·

112 910 217 988 dibus,
240 910 332 974 cuius
356 929 476 994 genera
498 909 577 986 tria,
604 930 681 974 ovas
705 929 823 992 caprae
847 931 937 996 sues,
960 910 1123 976 alterode

112 1020 228 1082 pecore
251 998 390 1082 maiore,
417 998 451 1062 in
475 1019 538 1081 quo
564 1001 640 1062 sunt
663 997 743 1062 item
768 997 807 1062 ad
830 1000 897 1063 tres
922 1000 1050 1083 specics
1072 1021 1123 1064 na·
1165 1012 1167 1045 ²

111 1090 186 1152 tura
218 1087 348 1152 discreti
379 1087 480 1151 boves
513 1086 597 1150 asini
629 1087 713 1169 equi.
767 1087 867 1151 tertia
897 1109 973 1171 pars
1007 1091 1060 1153 est
1092 1087 1150 1152 inr

112 1174 265 1258 pecuaria
284 1195 366 1258 quae
385 1196 452 1238 non
470 1178 692 1258 parantur‚·ut
711 1196 751 1239 ex
769 1175 809 1239 iis
828 1176 975 1259 capiatur
991 1176 1124 1259 fructus,

113 1264 169 1328 sed
192 1266 328 1346 propter
351 1284 421 1327 eam
446 1266 504 1328 aut
527 1285 624 1328 exea
645 1267 730 1346 sunt,
753 1264 833 1328 muli
852 1286 949 1329 canes
969 1270 1123 1349 pastores.

112 1352 227 1416 harum
255 1374 320 1416 una
343 1373 489 1436 quaeque
517 1352 551 1416 in
576 1373 611 1417 se
634 1353 794 1438 generalis
817 1354 921 1436 partis
944 1354 1047 1420 habet
1069 1354 1123 1419 rni-

112 1440 237 1505 nimum
251 1462 405 1526 novenas,
425 1462 561 1525 quarum
575 1440 609 1505 in
628 1462 744 1524 pecore
762 1442 907 1525 parando
923 1443 1124 1508 necessariae

113 1533 274 1614 quattuor,
299 1531 422 1615 alterae
444 1531 479 1594 in
497 1531 661 1613 pascendo
680 1530 831 1614 totidem3
855 1534 1027 1614 praeterea
1044 1546 1152 1598 com-1⁶

111 1619 220 1684 munis
243 1641 318 1683 una.
362 1619 410 1683 ita
433 1619 516 1684 fiunt
539 1620 682 1684 omnium
704 1623 815 1702 partes
839 1619 1012 1685 minimum
1041 1625 1123 1686 octo·

60 1716 99 1773 13
113 1706 205 1791 ginta
228 1711 261 1771 et
283 1729 357 1791 una,
380 1710 413 1771 et
437 1707 568 1791 quidem
590 1708 793 1772 necessariae
815 1729 875 1773 nec
896 1731 1027 1793 parvae.
1063 1709 1124 1793 pri·

111 1817 201 1859 mum
224 1799 261 1861 ut
277 1796 404 1879 bonum
423 1818 518 1879 pares
543 1817 651 1880 pecus,
674 1795 756 1860 scire
776 1801 913 1880 oportet,
936 1819 1002 1884 qua
1021 1801 1124 1862 aetate

111 1905 210 1948 unam
243 1906 403 1969 quamque
431 1885 585 1969 pecudem
612 1906 727 1968 parare
755 1884 940 1971 habereque
968 1887 1124 1971 expediat

111 1974 222 2057 itaque
252 1975 287 2037 in
318 1975 439 2039 bubulo
467 1995 582 2058 pecore
611 1973 747 2038 minoris
778 1975 897 2038 emitur
920 1975 1074 2042 annicula
1094 1978 1154 2041 aa

112 2084 211 2146 supra
229 2062 340 2127 decem
360 2084 529 2145 annorum,
549 2062 635 2146 quod
655 2084 674 2126 a
692 2063 782 2126 bima
801 2068 859 2128 aut
872 2064 972 2128 trima
985 2064 1125 2131 fructum

111 2151 196 2215 ferre
219 2151 334 2235 incipit
356 2172 459 2235 neque
482 2151 612 2234 longius
635 2154 711 2234 post
734 2151 892 2217 decimum
913 2174 1036 2218 annum
1054 2174 1125 2238 pro·

62 2239 208 2306 14cedit.
262 2261 339 2303 nam
371 2241 478 2322 prima
511 2243 599 2303 aetas
630 2240 736 2304 omnis
765 2240 891 2324 pecoris
921 2244 954 2305 et
981 2247 1126 2307 extrema

113 2327 243 2394 sterilis.
294 2349 311 2393 e
338 2331 493 2413 quattuor
515 2328 632 2410 primis
659 2330 763 2392 altera
794 2351 870 2414 pars
903 2332 952 2394 est
981 2331 1125 2416 cognitio

112 2416 237 2481 formae
255 2417 352 2481 unius
371 2417 525 2503 cuiusque
544 2416 684 2502 pecudis,
704 2418 809 2502 qualis
829 2418 881 2485 sit.
908 2421 1021 2504 magni
1040 2420 1157 2488 enirn²⁵

112 2504 257 2591 interest,
276 2506 367 2571 cuius
386 2505 476 2571 modi
495 2527 641 2591 quaeque
663 2507 707 2570 sit
721 2506 762 2570 ad
775 2507 929 2574 fructum.
956 2508 1003 2571 ita
1016 2510 1126 2591 potius

112 2594 229 2660 bovem
244 2598 356 2660 emunt
369 2594 524 2659 cornibus
538 2594 745 2678 nigrantibus
766 2617 862 2680 quam
883 2595 977 2681 albis,
996 2618 1126 2680 capram

113 2685 255 2766 amplam
275 2705 373 2767 quam
391 2705 535 2768 parvam,
555 2704 628 2747 sues
647 2704 781 2767 procero
801 2705 944 2769 corpore,
965 2686 1127 2769 capitibus

202 2891 295 2948 adici
390 2893 524 2961 uinquid
621 2899 693 2948 aex
711 2895 757 2966 ao]
777 2910 846 2948 exoa
946 2895 1127 2953 aussoreno

112 2969 234 3033 8cap1a
252 2979 298 3016 sus
399 2970 430 3018 11
450 2965 568 3033 paratur
668 2970 700 3019 12
721 2965 797 3036 sunt]
818 2964 874 3020 sint
974 2972 1007 3020 13
1026 2967 1127 3022 horum

114 3040 146 3088 13
166 3033 326 3106 minimum]
349 3033 495 3089 hominum
514 3037 609 3106 priore
631 3037 688 3091 loco
761 3041 795 3091 18
819 3054 905 3090 unum
923 3037 995 3091 scire
1014 3040 1129 3108 oportet

112 3123 169 3175 qua
187 3108 280 3160 aetate
300 3122 440 3175 quamque
536 3113 572 3161 20
590 3106 685 3162 emitis
702 3105 863 3161 anniculam
963 3114 998 3162 24
1017 3109 1128 3165 sterelis

112 3182 147 3231 24
164 3177 263 3247 primis
282 3194 332 3234 om.
442 3183 476 3231 26
499 3177 541 3232 ita
563 3179 657 3248 potius
677 3178 784 3247 (itaque
802 3179 896 3248 potius
921 3179 953 3247 V,
971 3178 1014 3234 ita
1032 3179 1128 3251 potius

111 3249 178 3303 labri
194 3265 280 3305 mauu
297 3249 395 3318 scripti
412 3251 513 3317 amaea)

184 3426 304 3484 2d1'cet
321 3428 491 3488 Pelicscra'as
508 3430 589 3502 opud
610 3427 771 3485 Taracbaot
788 3427 894 3483 occas.
906 3432 968 3494 bu
1029 3434 1067 3481 rr
1078 3445 1127 3496 pa·

73 3496 183 3548 rantur
199 3501 260 3555 cccl
284 3503 358 3560 Par.
441 3505 607 3562 ranarum
629 3501 783 3559 Icoaauoc
