2386 3742
280 130 411 187 RERVM
428 121 666 187 Rvs'rrcsuvm
687 131 755 188 LIB.
774 131 813 185 lll
832 139 901 188 7-9
1036 132 1097 195 141

80 277 149 342 fere
183 277 377 360 semodium,
412 276 529 342 cotidie
562 279 744 341 everrentes
774 299 886 341 eorum
915 277 1052 362 stabula,
1080 300 1101 342 a

81 370 226 431 stercore
248 387 290 430 ne
313 365 527 449 offendantur,
550 365 636 450 quod
658 367 737 429 item
761 370 908 431 servatur
927 367 966 430 ad
986 387 1100 451 agrum

81 455 263 520 colendum.
295 455 336 518 ad
358 453 572 540 saginandum
592 453 870 538 adpositissimam
888 458 1017 539 tempus
1041 455 1099 520 cir·

82 543 165 608 citer
182 565 330 608 messem.
358 543 478 608 etenim
496 546 618 607 matres
637 564 750 608 eorum
768 548 839 607 tum
859 545 1001 627 optimae
1016 548 1101 628 sunt,

53 654 158 699 scum
177 632 261 717 pulli
279 632 410 716 plurimi
428 632 617 717 gignuntur,
636 631 691 716 qui
710 632 751 695 ad
768 632 928 696 farturam
942 634 1100 699 meliores.

82 722 195 805 itaque
218 742 330 785 eorum
351 719 477 785 fructus
500 721 533 785 id
557 720 714 805 temporis
738 721 878 785 maxime
902 722 1060 787 consistit.

174 808 287 893 Axius,
309 808 382 893 Ego
406 831 488 893 quae
511 809 639 893 requiro
658 809 803 874 farturae
823 809 982 892 [assuras]
1003 832 1101 876 mem·
1116 822 1155 878 IX

82 898 155 983 bra,
178 898 216 962 de
241 897 430 980 [palumbis]
455 897 586 983 gallinis
610 897 660 962 die
680 899 783 981 sodes,
806 897 944 963 Merula:
972 902 1043 963 tum
1062 899 1102 963 de

82 987 217 1070 reliquis
233 986 340 1070 siquid
354 986 505 1051 idoneum
519 986 618 1051 fuerit
631 987 827 1066 ratiocinari,
847 987 966 1051 licebit.
994 986 1102 1072 Igitur

38 1098 70 1141 rc
86 1079 165 1141 sunt
187 1075 328 1160 gallinae
351 1097 434 1159 quae
455 1080 613 1140 vocantur
631 1097 788 1160 generum
806 1076 916 1160 trium,
937 1076 1102 1141 villaticae

84 1167 120 1228 et
137 1164 279 1229 rusticae
298 1167 331 1228 et
350 1164 530 1229 Africanae.
568 1164 710 1248 gallinae
729 1158 893 1229 villaticae
913 1169 998 1248 sunt,
1021 1172 1131 1249 quas2

84 1253 236 1336 deinceps
269 1273 342 1317 rure
373 1253 496 1317 habent
524 1254 559 1317 in
589 1253 685 1318 villis.
731 1253 769 1318 de
796 1254 849 1318 his
877 1254 932 1338 qui
960 1254 1102 1319 ornitho-

83 1341 221 1407 boscion
239 1341 411 1406 instituere
429 1342 509 1424 vult,
527 1341 560 1405 id
578 1345 628 1406 est
647 1343 795 1407 adhibita
813 1343 950 1407 scientia
968 1364 1006 1407 ac
1025 1364 1103 1407 cura

84 1435 122 1494 ut
148 1429 280 1513 capiant
307 1451 444 1512 magnos
472 1431 609 1515 fructuS,
639 1435 675 1495 nt
703 1432 843 1496 maxime
870 1431 1102 1496 factitaverunt

42 1540 72 1585 rs
85 1517 220 1603 Deliaci,
237 1519 317 1583 haec
336 1520 477 1603 quinque
497 1519 665 1602 [maxime]
683 1519 944 1587 animadvertant
958 1515 1102 1603 oportet:

85 1608 126 1671 de
150 1608 328 1692 emptione,
351 1609 441 1672 cuius
465 1609 552 1672 modi
577 1612 609 1672 et
632 1631 730 1693 quam
752 1609 874 1673 multas
896 1611 1027 1692 parent3
1064 1608 1103 1672 de

86 1695 204 1780 fetura,
223 1718 319 1780 quem
338 1696 379 1760 ad
399 1696 529 1761 modum
548 1697 724 1762 admittant
744 1700 776 1761 et
794 1697 940 1781 pariant,
965 1697 1004 1761 de
1024 1697 1102 1780 ovis,

87 1806 184 1869 quem
222 1785 263 1849 ad
296 1785 426 1850 modum
459 1785 614 1851 incubent
646 1789 679 1850 et
712 1786 886 1869 excudent3
924 1786 963 1851 de
995 1785 1104 1869 pullis,

86 1895 185 1959 quem
213 1873 253 1938 ad
281 1874 412 1938 modum
440 1878 474 1938 et
501 1897 520 1939 a
547 1875 665 1958 quibus
693 1875 878 1940 educentur.
928 1874 1018 1939 hisee
1049 1896 1103 1957 ap·

46 1985 73 2026 ec
85 1960 207 2049 pendix
235 1962 372 2027 adicitur
399 1985 476 2046 pars
505 1963 633 2048 quinta,
664 1984 759 2049 quem
787 1963 828 2027 ad
856 1963 987 2027 modum
1019 1964 1103 2046 sagi·

85 2055 215 2116 nentur.
261 2073 278 2115 e
306 2052 379 2136 quis
405 2052 510 2116 tribus
539 2051 711 2136 generibus
741 2052 873 2136 proprio
895 2052 1026 2116 nomine
1050 2064 1133 2123 vo-3

41 2147 48 2158 '
87 2143 204 2204 cantur
234 2138 374 2205 feminae
403 2161 485 2224 quae
513 2145 589 2206 sunt
615 2140 779 2206 villaticae
807 2140 965 2225 gallinae,
997 2161 1103 2204 mares

89 2227 188 2314 galli,
230 2229 302 2312 cepi
340 2230 544 2313 semimares,
587 2230 643 2315 qui
680 2234 756 2294 sunt
792 2229 935 2294 castrati.
997 2229 1103 2313 gallos

89 2320 244 2398 castrant,
267 2321 305 2382 ut
327 2318 393 2382 sint
415 2319 497 2402 capi,
520 2319 670 2384 candenti
693 2319 779 2384 ferro
802 2319 967 2383 inurentes
992 2317 1033 2382 ad
1057 2319 1104 2381 in-

47 2429 75 2472 se
88 2407 168 2471 fima
190 2427 292 2490 crura,
314 2429 417 2490 usque
441 2407 517 2471 dum
535 2411 713 2491 rumpetur,
736 2411 769 2471 et
790 2408 875 2491 quod
895 2410 984 2471 extat
1002 2407 1105 2490 ulcus,

89 2494 244 2560 oblinunt
266 2495 380 2577 figlina
403 2500 500 2561 creta.
553 2496 609 2580 qui
632 2500 758 2579 spectat
780 2501 817 2560 ut
841 2494 1137 2564 ornithoboscion4

89 2583 269 2667 perfectum
291 2583 421 2669 habeat,
445 2584 568 2649 scilicet
591 2605 711 2669 genera
730 2584 760 2648 ei
778 2584 843 2648 tria
860 2583 1014 2668 paranda,
1038 2605 1105 2647 ma·

183 2799 197 2846 1
218 2791 336 2848 cottidie
408 2809 441 2847 ae
461 2794 582 2849 stercore
602 2797 631 2863 (a
649 2797 771 2849 stercore
796 2793 834 2862 V)
908 2799 923 2847 3
943 2793 979 2848 ad
994 2792 1106 2862 potissi·

90 2881 169 2918 mum
197 2863 449 2934 (appositissimum
476 2848 648 2935 apopraptd'
664 2866 826 2936 recentiora)
924 2871 939 2920 7
972 2864 1106 2932 farturae]

91 2950 219 2990 sarsnras
291 2941 306 2990 9
326 2935 493 2991 raciooinari
519 2937 659 3005 (ratimari
682 2936 752 2992 Vter.
771 2941 796 2991 et
814 2938 871 2992 cod.
892 2936 971 3004 Par,
988 2936 1108 2990 rocinari

90 3007 150 3074 fuit
167 3008 199 3060 iu
217 3007 374 3078 archetypo)
448 3013 481 3061 14
499 3009 532 3060 nt
549 3013 613 3062 acte
631 3007 745 3078 capiant
763 3024 813 3062 om.
894 3013 926 3061 21
949 3024 964 3061 e
983 3008 1045 3074 quis
1063 3008 1108 3074 (ex

93 3076 157 3146 quis
172 3077 243 3144 Pot,
257 3092 292 3130 ex
306 3077 407 3146 quibus
421 3080 462 3134 cet
476 3080 505 3132 et
519 3077 620 3146 quibus
634 3079 797 3149 opopraptu
810 3078 956 3146 nonnulla)
998 3082 1031 3130 23
1047 3075 1107 3146 qui]

93 3148 170 3216 quod
242 3154 276 3202 25
296 3149 337 3220 et]
352 3151 382 3204 at
453 3154 487 3203 27
507 3150 627 3221 scilieet]
648 3149 688 3204 sic
706 3150 775 3204 licet

185 3349 200 3397 '1
220 3343 378 3400 farturaen
451 3361 563 3399 assuras
581 3346 695 3400 inclusit
708 3344 889 3401 Schneiderus
962 3347 995 3396 13
1013 3344 1046 3396 ut
1064 3359 1108 3397 ca·

93 3414 175 3486 piant
198 3415 346 3471 Iucundos
419 3422 452 3470 15
475 3416 545 3471 haec
569 3414 693 3486 quinque
716 3413 953 3472 animaduertaut
971 3414 1125 3465 iucundus

95 3491 129 3540 23
147 3485 197 3554 qui
212 3486 270 3540 sint
286 3504 304 3542 o
375 3492 411 3542 27
430 3487 544 3546 scilicet
562 3490 624 3548 cod.
644 3489 716 3547 Pur.
