2386 3742
465 126 671 181 PRAEFATIO
969 147 975 159 ·
1031 125 1069 180 IX

53 273 159 339 secuti
178 277 263 337 sunt.
296 294 334 336 ex
353 272 415 337 hac
434 272 517 335 enim
538 294 565 335 a.
581 272 668 337 1595
687 269 786 336 editio
803 269 1069 357 Commeliniana,

54 363 146 427 cuius
171 383 249 425 cura
272 361 470 425 Fridcrico
496 359 706 445 Sylburgio
731 360 885 424 mandata
909 365 987 443 crat,
1018 384 1071 426 ex-

53 472 170 534 pressa
193 454 252 514 cst.
294 448 583 514 Commelinianam
608 448 779 513 editionem
804 447 997 513 Gesnerus
1022 472 1070 514 11-

53 539 182 624 petivit,
201 561 274 602 cum
294 561 321 604 1.
339 537 425 602 1735
444 541 592 621 suscepto
608 560 713 620 opere,
733 537 817 621 quod
833 538 911 601 olim
926 537 1071 603 Schoett-

55 649 160 712 genus
174 627 370 711 instituerat,
385 628 558 711 scriptores
571 627 617 689 rei
627 627 766 690 rusticae
777 648 849 690 cum
862 627 1070 692 adnotatione

56 722 91 780 et
106 718 265 799 apparatu
284 717 396 780 critico
417 715 533 780 ederet.
566 736 643 778 nam
658 736 739 797 quae
755 715 794 778 ad
810 715 1071 780 emendationem

55 806 129 889 ipse
148 803 294 888 contulit,
314 827 351 868 ea
370 804 565 868 omniafere
586 805 619 867 in
635 803 901 868 adnotationibus
917 805 1072 869 subiectis

55 895 242 976 proposuit,
270 892 369 957 verba
396 893 468 975 ipsa
496 892 608 976 paucis
632 893 711 956 locis
736 893 882 956 mutavit.
930 893 969 957 ad
995 891 1071 958 Ges-

55 981 129 1045 neri
159 981 332 1046 editionem
362 978 619 1046 Schneiderus
649 1004 683 1046 se
716 981 984 1066 accommodavit,
1017 983 1070 1065 qui

56 1093 85 1133 a.
113 1071 199 1134 1794
226 1071 286 1134 hos
311 1070 486 1152 scriptores
510 1091 582 1133 cum
606 1070 836 1134 commentario
860 1069 974 1152 edidit,
1003 1092 1072 1134 eru-

57 1158 182 1223 ditione
206 1165 238 1223 et
262 1158 397 1223 scientia
420 1179 526 1221 rerum
549 1158 671 1241 optimo
691 1158 730 1222 ad
751 1180 819 1221 eam
840 1180 909 1221 rem
928 1163 1072 1243 paratus,

57 1247 115 1310 sed
139 1270 239 1331 prava
266 1248 384 1313 fiducia
412 1251 556 1311 veterum
585 1247 763 1311 editionum
794 1251 868 1310 ante
891 1248 1073 1312 Victorium

56 1337 289 1420 impressorum
313 1359 408 1419 saepe
431 1336 465 1399 in
489 1357 629 1400 errorem
652 1335 813 1400 inductus

148 1427 197 1490 Ex
230 1426 270 1490 iis
304 1427 358 1510 qui
385 1429 514 1507 praeter
542 1425 682 1488 editores
710 1424 928 1488 emendationi
955 1424 1071 1489 horum

56 1515 217 1578 librorum
245 1536 376 1598 operam
405 1513 560 1576 dederunt
587 1513 728 1596 primum
756 1513 954 1576 Adrianus
985 1513 1072 1578 Tur·

57 1603 181 1667 nebus
219 1608 292 1666 ante
324 1601 463 1667 Victorii
502 1601 676 1665 editionem
708 1602 881 1666 nonnullos
915 1601 1072 1666 Varronis

57 1692 149 1756 locos
172 1692 206 1754 in
231 1690 424 1755 adversariis
448 1690 600 1755 tractavit
623 1693 656 1753 et
679 1692 836 1773 quaedam
859 1691 1073 1773 probabiliter

59 1779 251 1843 emendavit.
289 1780 402 1844 deinde
426 1778 614 1862 Iosephus
639 1778 834 1863 Scaliger,
863 1779 953 1844 cuius
977 1783 1073 1845 notae

57 1869 93 1931 in
118 1867 274 1933 Varronis
303 1869 340 1932 de
368 1889 403 1931 11
431 1868 551 1931 rustica
574 1867 675 1931 libros
698 1867 732 1930 in
757 1867 898 1932 editione
922 1868 1071 1932 Parisina

59 1980 87 2021 a.
110 1957 194 2020 1569
218 1958 359 2040 primum
383 1955 487 2019 editae
508 1959 593 2039 sunt,
616 1956 808 2019 lectionibus
829 1979 847 2020 1
868 1956 1014 2021 Victorio
1034 1980 1074 2021 ex

57 2045 225 2109 Marciano
246 2047 354 2109 codice
373 2045 511 2128 prolatis
526 2067 603 2108 usus
617 2045 652 2106 in
667 2046 827 2127 corruptis
843 2045 949 2109 verbis
965 2067 1072 2109 emen-

57 2134 174 2197 dandis
193 2134 368 2216 plurimum
388 2154 504 2216 operae
524 2137 557 2196 et
575 2133 672 2196 studii
692 2133 873 2217 collocavit,
897 2135 952 2198 sed
971 2134 1072 2199 nimio

58 2222 200 2305 quodam
234 2223 332 2307 prisci
363 2222 522 2285 sermonis
556 2222 661 2285 studio
695 2227 808 2305 captus
837 2227 869 2286 11
898 2223 1072 2287 artificioso

58 2310 184 2374 dicendi
217 2332 333 2394 genere
366 2311 543 2374 delectatus
576 2332 678 2394 pauca
711 2332 792 2393 quae
829 2312 960 2394 probari
994 2334 1072 2377 sano

57 2397 177 2462 iudicio
209 2404 344 2483 possent
375 2400 520 2482 protulit.
575 2399 704 2464 Fulvii
738 2397 874 2463 Ursini
906 2405 1003 2464 notae
1033 2400 1073 2464 ad

56 2486 239 2551 Varronem
263 2487 385 2552 Romae
414 2510 441 2551 a.
467 2488 550 2552 1587
576 2487 680 2554 editae
711 2492 796 2552 sunt.
842 2488 968 2552 iseum
991 2488 1073 2552 Var-

57 2577 148 2639 ronis
165 2598 345 2640 sermonem
360 2577 477 2660 glossis
493 2580 526 2639 et
545 2577 850 2661 interpolationibus
866 2577 1073 2641 vehementer

59 2668 248 2746 corruptum
273 2686 342 2728 esse
367 2666 428 2729 sibi
458 2665 689 2748 persuasisset,
717 2665 749 2728 id
775 2665 915 2729 maxime
938 2667 1014 2749 egit,
1038 2669 1074 2731 ut

57 2751 112 2814 liis
140 2752 383 2836 additamentis,
418 2776 498 2836 quae
529 2753 655 2836 quidem
689 2754 862 2839 indagasse
891 2754 952 2818 sibi
985 2755 1073 2819 visus

59 2843 139 2922 erat,
153 2843 288 2905 remotis
304 2841 481 2924 genuinum
496 2843 665 2926 scriptoris
683 2864 863 2907 sermonem
878 2844 1073 2908 restitueret.

58 2950 123 3011 qua
152 2929 187 2992 in
214 2952 248 2993 11
278 2953 472 3014 quamquam
501 2931 714 2996 immoderata
743 2931 874 2995 licentia
902 2955 980 2996 usus
1003 2954 1073 3014 pcr-

57 3018 171 3100 multa,
196 3018 234 3081 de
260 3020 377 3102 quibus
396 3020 487 3084 nulla
507 3020 666 3084 dubitatio
687 3042 756 3084 esse
776 3021 922 3104 debebat,
945 3021 1074 3104 delevit,

57 3109 169 3170 tamen
192 3107 271 3170 illud
291 3111 378 3180 recte
397 3107 570 3188 intellexit,
593 3109 715 3173 iustum
734 3110 907 3173 verborum
926 3109 1073 3173 ordinem

58 3194 187 3276 saepius
216 3196 420 3279 interpositis
452 3197 587 3280 singulis
616 3197 736 3279 verbis,
764 3219 846 3282 quae
876 3220 895 3260 a
925 3196 1073 3262 Varrone

57 3282 157 3346 scribi
176 3305 241 3347 non
261 3289 423 3368 poterant,
444 3285 499 3348 sed
518 3307 625 3349 errore
640 3286 849 3350 librariorum
864 3286 974 3350 addita
991 3290 1074 3366 sunt,

55 3371 91 3434 in
118 3394 217 3434 manu
245 3374 374 3455 scriptis
405 3373 498 3440 libris
522 3375 756 3459 perturbatum
778 3397 863 3441 esse.
899 3375 1038 3454 tonnae
1059 3377 1110 3464 11

53 3459 191 3540 diffusae,
209 3462 269 3524 sed
275 3484 395 3544 parum
411 3463 610 3536 fructuosae
632 3471 716 3537 sunt
734 3463 1000 3554 disputationes
1006 3451 1131 3518 mxx
