2386 3742
325 769 373 842 n.
397 724 612 841 rRRRn'rr
639 766 882 840 rrRRours

159 905 316 973 RRRvn
339 904 627 973 Rvsrroravn
650 905 709 972 nn
732 905 792 971 Rn
816 904 1044 973 RRoerrr

405 1031 538 1097 urnnR
561 1029 794 1098 snovuovs
846 1110 851 1116 ,

182 1190 256 1256 Viri
283 1191 395 1276 magni
421 1192 526 1256 nostri
552 1192 692 1257 maiores
715 1212 781 1256 non
804 1193 873 1257 sine
896 1212 998 1257 causa
1018 1211 1103 1276 prae

93 1281 258 1365 ponebant
290 1280 429 1344 rusticos
461 1279 627 1347 Romanos
658 1280 801 1345 urbanis.
852 1284 890 1345 ut
920 1281 991 1346 ruri
1021 1279 1130 1344 eninr

94 1370 150 1454 qui
173 1371 207 1434 in
230 1369 309 1434 villa
332 1369 447 1433 vivunt
469 1370 664 1454 ignaviores,
687 1392 785 1455 quam
809 1370 864 1454 qui
886 1369 922 1433 in
941 1390 1021 1455 agro
1040 1389 1104 1433 ver·

94 1462 207 1524 santur
238 1461 272 1522 in
305 1457 414 1541 aliquo
446 1479 543 1541 opere
573 1458 735 1542 faciendo,
764 1459 811 1523 sic
841 1458 896 1542 qui
926 1480 962 1523 1n
990 1457 1104 1543 oppido

94 1549 251 1631 sederent,
275 1569 372 1630 quam
395 1548 451 1631 qui
474 1569 551 1612 rura
574 1548 732 1632 colerent,
762 1547 993 1613 desidiosiores
1015 1550 1104 1631 puta·

92 1635 183 1701 bant.
228 1638 339 1719 itaque
370 1658 490 1701 annum
519 1636 568 1700 ita
597 1635 789 1719 diviserunt,
819 1639 857 1700 ut
885 1637 983 1702 nonis
1014 1635 1104 1702 modo

95 1725 208 1789 diebus
226 1725 368 1789 urbanas
387 1746 438 1789 res
457 1728 661 1810 usurparent,
684 1725 817 1809 reliquis
836 1728 961 1809 septem
980 1728 1019 1790 ut
1035 1744 1105 1790 rura
1114 1726 1133 1782 '1⁰

64 1814 247 1881 leolerent.
285 1814 371 1898 quod
395 1814 471 1878 dum
490 1817 699 1879 servaverunt
718 1814 914 1898 institutum,
936 1816 1105 1899 utrumque

93 1905 169 1968 sunt
193 1903 366 1987 consecuti,
389 1906 481 1968 utet
505 1903 632 1967 cultura
655 1923 752 1988 agros
775 1902 1024 1969 fecundissimos
1052 1903 1105 1968 ha-

93 1993 209 2057 berent
233 1995 266 2056 et
287 1993 351 2076 ipsi
374 1992 559 2056 valetudine
578 1992 736 2057 firmiores
756 1996 873 2076 essent,
892 2013 930 2057 aa
947 2012 990 2056 ne
1009 1990 1105 2058 Grae·

93 2101 204 2145 corum
227 2081 353 2144 urbana
376 2080 597 2145 desiderarent
620 2081 799 2165 gymnasia.
845 2102 928 2165 quae
950 2102 1038 2146 nunc
1056 2081 1106 2147 vix

94 2169 174 2233 satis
203 2169 334 2252 singula
361 2171 451 2252 sunt,
482 2191 542 2234 neo
568 2173 688 2253 putant
716 2192 750 2236 se
778 2170 897 2235 habere
925 2168 1056 2256 villam,
1081 2169 1106 2235 si
1116 2184 1134 2228 a

91 2279 160 2322 non
187 2257 300 2321 multis
328 2258 494 2323 vocabulis
518 2259 681 2324 retineant
704 2259 844 2344 graecis,
872 2279 971 2342 quom
995 2262 1106 2324 vocent

92 2346 316 2430 particulatim
333 2347 415 2431 loca,
436 2351 644 2433 procoetona,
663 2350 869 2432 palaestram,
888 2347 1106 2433 apodyteriou,

64 2436 283 2521 3peristylon,
307 2436 490 2516 ornithone,
515 2437 713 2522 peripteron,
736 2437 962 2521 oporothccen.
1008 2437 1106 2523 igitar

93 2526 178 2608 quod
210 2547 295 2592 nuno
331 2526 419 2590 intra
450 2547 579 2590 murum
610 2526 678 2590 fere
713 2530 823 2611 patres
856 2525 1001 2592 familiae
1035 2548 1106 2592 con-

92 2618 263 2697 repscrunt
293 2615 415 2678 relictis
448 2614 531 2680 falce
563 2617 596 2679 et
628 2619 737 2681 aratro
771 2619 803 2680 et
834 2613 950 2681 manus
978 2632 1136 2682 morerere

92 2703 278 2767 maluerunt
300 2703 335 2767 in
357 2703 487 2768 theatro
512 2725 550 2768 ao
572 2704 672 2788 circo,
700 2727 798 2788 quam
824 2704 860 2768 in
883 2705 1049 2790 segetibus
1072 2726 1106 2771 ac

92 2791 225 2874 vinetis,
254 2792 320 2872 [ac]
349 2791 550 2857 frumentum
578 2793 723 2859 locamus
752 2793 807 2877 qui
835 2792 930 2858 nobis
959 2794 1108 2877 advehat,

94 2879 149 2962 qui
177 2880 279 2944 saturi
306 2879 422 2946 fiamus
450 2902 490 2944 er
516 2880 630 2947 Africa
657 2886 690 2946 et
721 2881 885 2967 Sardinia,
914 2884 947 2946 ct
969 2884 1106 2949 navibus

182 3060 198 3110 6
217 3053 372 3124 ignotiores
485 3062 518 3110 16
537 3057 634 3129 quom]
654 3074 740 3126 quum
759 3057 839 3125 (quin
861 3056 889 3113 V
903 3061 929 3111 ct
946 3059 1107 3129 opoprapto

84 3127 240 3196 nonnullo)
349 3131 382 3179 17
401 3135 576 3196 prococeona
661 3127 831 3199 podyterion
850 3127 1049 3199 (apodyterion
1069 3126 1106 3198 V)
1144 3194 1146 3199 .

90 3202 127 3250 ⁸22
146 3197 251 3251 adueat
323 3202 357 3251 23
376 3198 502 3268 aphryea

164 3363 183 3412 6
201 3358 374 3431 ignaur'ores
393 3378 411 3418 o
433 3365 459 3418 et
480 3359 636 3419 Columella
655 3358 673 3412 I
691 3357 784 3427 praef.
801 3361 832 3410 u
889 3362 924 3408 uu
940 3362 1107 3424 W

46 3421 234 3491 petrianae
312 3441 352 3494 22
373 3453 410 3496 ac
433 3440 501 3496 autc
520 3433 705 3491 frumentum
722 3427 822 3484 delectt
840 3425 986 3478 rourum
