2386 3742
289 119 420 176 RERVM
438 39 762 180 avsrlomrn.
781 123 794 175 Ι
813 127 899 176 9-11
1058 120 1100 186 27

177 263 252 346 Ille,
278 264 407 348 Medos,
435 266 551 349 quibus
580 266 771 330 metirentur
793 288 883 351 rura,
910 266 994 332 alius
1018 267 1137 336 aliosX

82 353 268 419 constituit.
303 377 379 420 nam
402 353 438 418 in
455 352 616 440 Hispania
639 354 793 420 ulteriore
812 356 989 420 metiuntur
1006 355 1103 441 iugis,

82 443 123 506 in
148 441 326 527 Campania
350 442 512 526 versibus,
539 443 624 526 apud
647 464 707 507 nos
730 443 766 507 in
789 465 868 529 agro
892 443 1040 511 Romano
1065 465 1103 509 ao

84 530 209 596 Latino
231 531 362 616 ingeris.
398 532 511 615 iugum
534 537 661 615 vocant,
683 532 769 616 quod
791 532 895 598 iuncti
917 532 1017 598 boves
1037 556 1101 598 uno

54 620 141 684 odie
174 642 306 686 exarare
343 621 481 705 possint
535 642 663 691 versum
696 621 808 685 dicunt
839 624 967 685 eentum
1004 622 1102 706 pedes

82 730 370 799 quoquoversum
394 709 595 794 quadratum.
636 709 794 793 iugerum,
817 709 902 793 quod
926 711 1131 793 quadrat0s2

85 799 170 863 duos
194 800 284 862 actus
307 798 436 863 habeat.
483 801 575 862 aetus
599 798 788 882 quadratus,
812 799 867 881 qui
890 801 923 861 et
947 799 1033 863 latus
1054 803 1104 864 est

85 886 186 970 podes
206 903 274 952 cxx
297 890 330 951 et
356 887 475 970 longus
502 886 653 951 totidem:
680 888 709 952 is
738 887 851 952 modus
875 908 978 951 senua
1001 887 1102 952 latine

86 975 283 1060 appellatur.
329 977 435 1060 iugeri
456 997 533 1060 pars
556 975 692 1040 minima
715 975 832 1041 dieitur
855 975 1047 1059 scripulum,
1069 976 1102 1040 id

40 1088 70 1127 ιο
87 1067 140 1128 est
166 1063 276 1129 deoem
304 1066 401 1147 pedes
425 1069 457 1142 et
485 1064 687 1148 longitudine
712 1068 744 1129 et
770 1064 941 1128 latitudine
965 1065 1102 1147 quadra-

85 1157 168 1218 tum.
205 1153 246 1217 ab
269 1153 332 1218 hoo
350 1153 508 1238 principio
528 1175 692 1218 mensores
712 1175 778 1218 non
795 1174 973 1237 numquam
992 1153 1103 1218 dicunt

85 1243 122 1306 in
154 1241 352 1307 subsicivum
384 1264 454 1307 esse
485 1242 614 1313 nnoiam
647 1243 717 1326 agri
745 1245 802 1306 aut
830 1246 1024 1325 sextantem,
1057 1243 1102 1307 sio

87 1330 167 1414 quid
191 1330 287 1414 aliud,
310 1353 384 1396 oum
408 1331 447 1396 ad
471 1331 619 1416 iugerum
642 1334 873 1415 pervenerunt,
895 1331 981 1415 quod
1003 1331 1102 1395 habet

86 1421 237 1504 iugerum
269 1421 412 1503 seripula
440 1437 659 1505 coaxxxvffl,
690 1423 849 1504 quantum
881 1441 917 1483 as
951 1420 1101 1503 antiquos

40 1530 70 1572 1⁵
86 1513 199 1573 noster
228 1513 304 1573 ante
334 1509 454 1573 bellum
482 1509 636 1591 punicum
668 1509 839 1591 pendebat.
884 1507 963 1571 bina
990 1507 1102 1592 iugera

86 1597 175 1682 quod
191 1620 209 1663 a
223 1597 361 1662 Romulo
380 1599 522 1681 primum
541 1597 646 1662 divisa
660 1596 849 1661 dicebantur
867 1596 1002 1680 viritim,
1021 1617 1102 1680 quae

85 1686 238 1750 heredem
252 1689 471 1771 sequerentur,
488 1685 656 1750 heredium
672 1686 885 1770 appellarunt.
920 1683 1000 1750 haee
1014 1689 1102 1768 post·

87 1797 127 1839 ea
152 1779 280 1839 eentum
309 1776 463 1840 centuria.
510 1776 656 1839 centuria
680 1778 730 1839 est
749 1774 915 1858 quadrata,
936 1773 971 1837 in
991 1795 1102 1838 omnes

86 1866 242 1947 quattuor
255 1866 364 1948 partes
379 1867 416 1927 ut
434 1864 554 1928 habeat
568 1864 672 1927 latera
690 1863 790 1946 longa
804 1863 922 1945 pedum
937 1882 977 1923 00
987 1883 1027 1924 00
1043 1868 1103 1928 cll.

38 1976 69 2015 ao
85 1953 150 2016 hae
178 1974 275 2035 porro
304 1954 470 2037 quattuor,
499 1952 663 2016 centuriae
693 1952 882 2015 coniunctae
912 1953 947 2012 ut
974 1950 1041 2014 sint
1068 1949 1103 2012 in

85 2045 260 2124 utramque
287 2044 414 2124 partem
441 2041 552 2125 binae,
581 2040 788 2126 appellantur
816 2039 851 2103 in
879 2037 966 2121 agris
990 2038 1102 2102 divisis

84 2129 210 2196 viritim
233 2129 361 2215 publice
385 2129 497 2195 saltus,
551 2144 555 2151 ·

177 2217 217 2281 ln
235 2218 331 2283 modo
350 2217 442 2282 fundi
460 2240 525 2283 non
544 2217 767 2282 animadverso
786 2215 871 2299 lapsi
889 2214 993 2293 multi,
1016 2214 1149 2298 quodXI

87 2307 145 2371 alii
176 2307 306 2371 villam'
326 2307 434 2371 minus
472 2328 625 2392 magnam
658 2307 817 2383 fecerunt,
855 2327 951 2388 quam
987 2304 1103 2368 modus

43 2417 72 2458 25
84 2397 183 2477 [tendi
195 2394 385 2479 postulavit,
405 2396 462 2460 alii
476 2396 641 2479 maiorem,
661 2417 734 2459 oum
748 2398 920 2476 utrumque
934 2392 977 2456 sit
991 2395 1105 2457 eontra

86 2506 158 2549 rem
190 2484 385 2548 familiarem
418 2506 455 2551 ao
486 2484 638 2549 fructum.
684 2483 808 2547 maiora
841 2482 927 2545 enim
957 2482 1044 2545 teota
1071 2482 1105 2543 et

87 2574 297 2638 aedificamus
321 2573 421 2656 pluris
446 2576 479 2637 et
500 2578 628 2637 tuemur
652 2575 783 2654 sumptu
805 2569 937 2634 maiore.
978 2568 1104 2632 minora
1188 2606 1190 2611 .

87 2684 164 2726 cum
191 2666 281 2744 sunt,
308 2684 406 2745 quam
433 2662 581 2744 postulat
603 2660 734 2738 fundus,
760 2658 886 2722 fruetus
910 2656 1016 2721 solent
1040 2656 1104 2721 dis-

86 2751 196 2834 perire
220 2749 283 2830 [L].
328 2749 464 2813 dubium
493 2751 579 2813 enim
606 2771 673 2813 non
701 2751 751 2813 est
773 2747 851 2831 quin
875 2746 957 2810 cella
979 2745 1134 2810 vinaria2

45 2860 73 2902 eo
88 2839 196 2904 maior
224 2838 267 2902 sit
294 2838 441 2902 facienda
468 2839 503 2902 in
531 2860 568 2902 eo
598 2858 690 2922 agro,
717 2836 774 2900 ubi
796 2835 906 2900 vineta
930 2835 1009 2918 sint,
1037 2857 1104 2898 am-

88 2929 199 3012 pliora
219 2928 257 2991 ut
279 2927 405 3011 horrea,
429 2926 457 2991 si
476 2926 708 2990 frumentarius
732 2945 809 3009 ager
832 2927 890 2988 est.

179 3014 270 3080 Villa
283 3016 481 3080 aedificanda
495 3014 702 3099 potissimum
717 3017 754 3078 ut
771 3012 859 3076 intra
879 3014 991 3095 saepta
1005 3010 1104 3075 villae

88 3105 213 3169 habeat
236 3126 363 3188 aquam,
387 3104 415 3167 si
437 3125 516 3186 non,
547 3102 824 3186 quamproxime:
852 3101 994 3182 primum
1022 3120 1104 3182 quae

89 3193 137 3258 ibi
170 3193 214 3257 sit
249 3197 339 3275 nata,
382 3193 557 3257 secundum
594 3213 676 3276 quae
713 3189 830 3254 influat
866 3186 1026 3272 perennis.
1076 3186 1105 3250 si

80 3429 85 3433 ·
181 3409 196 3456 7
216 3403 286 3456 duos
304 3362 383 3457 aotds
399 3401 482 3472 (duos
501 3404 582 3458 aetus
602 3401 714 3475 opoprl
802 3404 842 3454 tl.
858 3397 904 3453 sio
919 3393 1128 3464 aanoldis&

84 3479 120 3524 25
135 3471 219 3524 fandi
227 3475 383 3539 perterrere
401 3476 461 3532 loeo
481 3491 532 3533 om.
613 3483 650 3534 32
668 3474 780 3533 uillam
795 3469 1019 3528 aeditumum
