2384 3736
203 105 333 161 RERVM
352 105 588 163 RVSTICARVM
606 107 674 163 LlB.
690 107 727 160 ΙΙΙ
742 113 813 162 2-3
941 107 1004 170 129

31 274 97 336 am,
119 251 154 315 in
178 274 241 335 qua
263 255 314 315 est
333 273 410 337 aper
428 274 544 337 caprea
563 252 669 336 lepus,
693 253 797 317 altera
815 253 895 316 item
913 255 1004 316 extra

31 341 101 404 lam
125 361 205 424 quae
230 344 317 419 nunt,
347 344 385 404 ut
408 363 484 424 apes
508 341 657 406 cochleae
681 342 789 425 glires.
835 342 926 406 tertii
950 346 1034 426 get

32 429 77 494 ris
102 428 255 513 aquatilis
278 430 356 493 item
380 430 502 513 species
524 430 613 511 duae,
636 430 759 514 partim
778 430 864 514 quod
882 429 1005 494 habent

31 538 96 582 aces
118 517 152 582 in
176 539 260 600 aqua
283 517 377 602 dulci,
401 519 520 602 partim
545 518 630 603 quod
654 519 687 582 in
710 520 844 584 marina.
891 519 930 583 de
952 518 1004 582 his

31 629 47 669 r
69 606 219 692 partibus
243 607 283 669 ad
307 607 372 671 ista
394 607 459 670 tria
483 626 603 690 genera
625 608 697 672 item
719 608 781 672 triu
796 628 909 690 penora
928 609 1005 671 arti-

31 717 84 759 um
113 694 272 780 paranda,
300 717 440 779 aucupes
463 700 632 760 venatores
660 696 853 779 piscatores,
882 699 939 760 aut
962 697 1003 761 ab

57 783 192 847 emenda
219 805 301 867 quae
329 786 459 848 tuorum
489 805 655 849 servorum
684 784 852 868 diligentia
881 785 1003 849 tuearis

49 871 157 936 fetura
185 871 224 936 ad
253 876 367 955 partus
392 876 425 936 et
447 876 525 936 nata
547 873 709 938 nutricare
733 873 941 958 segnesque,
970 875 1004 937 in

31 961 160 1025 acellum
189 965 226 1024 ut
247 961 446 1042 perveniant.
491 982 595 1046 neque
623 983 691 1026 non
718 963 816 1026 etiam
845 962 1003 1046 quaedam

31 1049 193 1113 sumenda
218 1049 253 1113 in
284 1048 396 1113 villam
427 1049 496 1114 sinc
526 1051 650 1115 retibus
679 1052 811 1134 aucupis
838 1050 1004 1116 venatoris

31 1138 176 1221 sectoris,
202 1141 241 1202 nt
270 1138 369 1222 glires
397 1139 538 1202 cochlias
566 1138 716 1223 gallinas.
762 1160 873 1204 earum
896 1141 1034 1204 rerum5

31 1227 117 1291 ltnra
140 1226 293 1291 instituta
315 1228 421 1311 prima
444 1248 482 1292 ea
506 1249 587 1310 quae
610 1228 645 1291 in
663 1228 742 1292 villa
760 1227 912 1294 habetur:
939 1250 1004 1293 non

31 1315 75 1379 im
99 1316 206 1380 solum
230 1335 368 1399 augures
386 1315 527 1380 Romani
550 1316 589 1380 ad
615 1317 761 1400 auspicia
784 1317 924 1401 primum
950 1339 1005 1400 pa·

31 1407 103 1468 runt
121 1404 237 1486 pullos,
257 1403 313 1468 sed
332 1405 430 1468 etiam
448 1408 559 1488 patres
578 1404 723 1469 familiae
736 1426 824 1470 rure.
856 1406 1004 1483 secunda,

31 1514 73 1557 ae
96 1493 235 1556 macerie
258 1492 297 1556 ad
321 1493 433 1557 villam
456 1493 637 1558 venationis
661 1515 759 1557 causa
781 1494 954 1557 cluduntur
973 1497 1006 1557 et

31 1584 122 1665 opter
141 1581 275 1645 alvaria:
313 1603 390 1665 apes
409 1583 496 1646 enim
516 1582 628 1646 subter
647 1581 829 1667 sagrundas
849 1583 890 1646 ab
909 1582 1004 1647 initio

31 1669 134 1734 latico
154 1691 230 1734 usae
249 1673 344 1735 tecto.
372 1671 489 1735 tertiae
503 1671 646 1754 piscinae
661 1671 770 1735 dulces
785 1672 856 1735 fieri
870 1673 1005 1753 coeptae

45 1779 62 1822 e
82 1757 269 1823 fluminibus
289 1762 403 1842 captos
421 1780 568 1841 recepere
589 1759 629 1822 ad
649 1780 683 1824 se
701 1760 816 1842 pisces.
854 1759 1034 1824 omnibusss

32 1847 94 1911 hus
112 1846 164 1911 his
184 1848 355 1932 generibus
375 1850 451 1912 sunt
469 1848 539 1912 bini
558 1848 687 1932 gradus,
712 1848 903 1933 superiores,
923 1869 1005 1932 quos

31 1935 162 2020 rgalitas
190 1936 339 2020 antiqua,
366 1935 551 2021 inferiores,
580 1958 660 2021 quos
688 1937 815 2001 luxuria
844 1937 1006 2020 posterior

31 2024 116 2091 iecit
168 2024 291 2108 primus
325 2024 410 2090 enirn
443 2024 499 2089 ille
532 2025 652 2109 gradus
686 2025 812 2089 anticus
846 2024 1005 2089 maiorum

31 2116 138 2177 strum
165 2119 248 2198 erat,
280 2114 316 2177 in
350 2135 413 2197 quo
444 2117 553 2177 essent
580 2113 705 2178 aviaria
732 2112 795 2180 duo
824 2112 1005 2177 dumtaxat:

42 2201 141 2284 plano
162 2202 285 2286 cohors,
304 2203 339 2267 in
357 2224 422 2286 qua
439 2201 657 2286 pascebantur
676 2202 828 2287 gallinae,
847 2205 880 2266 et
895 2223 1005 2266 earum

31 2293 115 2354 rctus
139 2294 210 2354 erat
232 2313 293 2355 ova
316 2294 349 2355 et
370 2291 466 2377 pulli,
490 2291 574 2356 alter
597 2292 754 2370 sublimis,
777 2292 811 2355 in
830 2312 893 2374 quo
913 2293 1007 2355 erant

31 2378 159 2443 lamhee
186 2380 221 2443 in
246 2380 390 2445 turribus
422 2383 479 2444 aut
502 2387 629 2444 sum’ma
652 2380 739 2444 villa.
785 2383 898 2443 contra
920 2399 1006 2443 nunc

31 2466 114 2532 iaria
133 2470 210 2532 sunt
226 2469 356 2533 nomine
373 2471 509 2552 mutato,
528 2469 614 2552 quod
632 2471 789 2533 vocantur
807 2465 1036 2544 ornithonas?

31 2577 74 2620 rae
99 2556 246 2639 palatum
276 2579 373 2622 suave
397 2557 519 2621 domini
542 2557 685 2642 paravit,
712 2558 749 2619 ut
772 2559 859 2620 tecta
881 2554 1006 2618 maiora

31 2644 148 2728 tbeant,
176 2667 272 2729 quam
299 2649 369 2710 tum
397 2645 563 2710 habebant
585 2648 673 2709 totae
696 2644 799 2723 villas,
830 2643 866 2708 in
888 2644 1005 2728 quibus

31 2733 196 2798 abolentur
218 2734 304 2798 turdi
328 2755 365 2798 ac
388 2755 541 2817 pavones.
573 2734 620 2799 sio
642 2734 675 2798 in
701 2733 840 2798 secunda
862 2733 950 2818 parti
969 2735 1035 2798 acss

82 2896 96 2943 1
116 2890 211 2960 capria
281 2895 297 2944 2
317 2892 402 2962 quae]
422 2890 471 2958 qni
550 2890 660 2946 cocleae
681 2889 825 2961 (cochleae
844 2891 1006 2960 apoyrapua

31 2961 138 3032 nauhu)
210 2959 313 3016 bitem
335 2963 392 3017 tria
415 2977 519 3030 genera
537 2978 587 3018 om.
662 2960 759 3032 aaut]
777 2963 810 3015 ut
882 2960 1005 3016 8nutri·

31 3045 58 3083 re
81 3031 243 3102 saginisque
316 3032 486 3102 9peruiant
559 3038 591 3087 17
610 3031 755 3087 uillaticae
832 3037 863 3086 18
882 3032 1006 3099 recipere

48 3103 177 3172 antiquus
197 3103 317 3173 (anticus
336 3105 393 3159 cod.
410 3104 490 3172 Por.)
532 3107 566 3158 27
585 3101 704 3172 domini]
724 3104 829 3158 donum
865 3108 899 3157 28
917 3099 1006 3171 totas]

31 3171 68 3227 tas
140 3179 175 3228 29
192 3174 268 3242 parti
286 3175 378 3245 (parte
401 3174 438 3243 V)

83 3321 97 3369 1
122 3331 223 3385 caprea
245 3333 261 3371 a
334 3322 349 3372 2
370 3333 441 3386 quae
466 3317 533 3371 sunt
554 3318 611 3372 cod.
633 3315 701 3370 Par.
775 3319 791 3368 6
815 3313 867 3367 aut
884 3311 1007 3380 Scaliper

40 3385 177 3442 nutricere
203 3387 326 3457 Sculiper
418 3386 630 3456 saginaequeo
721 3390 737 3440 9
765 3383 933 3454 perueniant
959 3398 1007 3437 mc

43 3457 168 3513 uillatico
181 3475 230 3514 mo
269 3463 302 3514 18
316 3474 447 3529 recepere
457 3459 603 3515 Iaamdue
639 3464 672 3512 27
688 3454 824 3512 dominio
860 3459 894 3510 28
905 3455 1007 3510 totasc

47 3557 132 3600 Venno
147 3567 201 3598 aaa.
214 3568 282 3599 avar.
841 3549 862 3598 (a
