2386 3742
127 134 170 199 60
535 134 733 208 uaaaouisg

59 296 149 351 XLIX
217 278 300 345 Oum
329 281 538 346 conticuisset
571 303 632 346 nec
665 282 937 366 interrogaretur,
967 279 1006 343 de
1041 279 1139 344 nntri-

127 373 203 435 catu
226 369 358 434 credens
377 370 459 434 nihil
478 369 662 454 desiderari,
684 370 810 454 Dicam,
833 368 950 452 inquit,
972 368 1012 432 de
1030 367 1140 434 fructi-

126 459 187 524 bus
216 460 352 523 maturis
379 459 554 543 capiendis.
600 459 740 543 primum
764 458 802 522 de
830 457 934 542 pratis
958 457 1140 521 summissis

126 548 241 629 herba,
269 569 342 612 cum
365 569 505 613 cresccre
529 549 626 613 desiit
649 550 682 612 et
705 551 798 612 aestu
821 547 948 630 arescit,
976 545 1141 611 subsecari

128 636 265 702 falcibus
290 636 386 701 debet
409 641 456 719 et,
484 637 590 722 quaad
617 638 814 721 perarescat,
841 635 977 700 furcillis
1003 633 1141 700 versari:
1162 652 1171 694 a

128 747 203 790 cum
221 726 374 810 peraruit,
392 727 430 790 de
449 726 501 790 his
520 725 704 809 manipulos
723 725 794 789 ficri
814 746 850 789 ac
870 723 943 789 vehi
958 723 999 789 ad
1017 724 1141 789 villam:

127 818 197 879 tum
225 816 263 879 de
291 814 393 898 pratis
422 815 579 899 stipulam
609 814 752 879 rastellis
781 812 870 878 eradi
899 817 997 897 atque
1028 813 1142 877 addere

98 903 315 968 2faenisiciae
344 904 518 969 cumulum.
564 925 627 988 quo
654 903 742 968 facto
776 901 943 967 sicilienda
972 905 1086 986 prata,
1111 900 1143 964 id

128 997 178 1058 est
200 992 338 1058 falcibus
363 992 579 1058 consectanda
603 1013 684 1077 quae
709 991 879 1056 faenisices
908 991 1145 1075 praeterierunt

129 1103 167 1146 ac
185 1082 278 1165 quasi
296 1081 399 1145 herba
417 1082 608 1147 tuberosum
626 1081 826 1164 reliquerunt
843 1101 1003 1164 campum.
1042 1102 1063 1144 a
1082 1100 1144 1163 qna
1155 1095 1174 1136 ιο

129 1171 271 1236 sectione
296 1169 436 1235 arbitror
460 1169 581 1235 dictum
605 1169 726 1235 sicilire
749 1173 888 1253 pratum.

94 1275 116 1328 1.
219 1257 336 1322 Messio
365 1259 495 1342 proprio
522 1259 654 1324 nomine
678 1258 796 1323 dicitur
823 1259 857 1322 in
881 1258 921 1322 iis
946 1279 1028 1341 quae
1053 1256 1143 1321 meti-

128 1369 214 1428 mur,
243 1347 383 1411 maxime
413 1348 447 1410 in
476 1347 655 1432 frumento,
684 1349 717 1411 et
745 1347 786 1411 ab
816 1368 854 1412 eo
885 1367 955 1411 esse
985 1344 1143 1411 vocabulo

130 1435 302 1500 declinata.
339 1435 493 1500 frumenti
511 1437 581 1501 tria*
595 1457 715 1521 genera
734 1439 810 1500 sunt
832 1436 1013 1513 messioniS,
1036 1456 1144 1515 unum,

131 1529 168 1589 ut
193 1525 230 1588 in
252 1523 404 1609 Vmbria,
430 1525 487 1590 ubi
515 1525 599 1590 falce
628 1525 804 1589 secundum
833 1529 954 1588 terram
979 1522 1145 1588 succidunt
1158 1539 1177 1580 1⁵

132 1616 346 1678 stramentum
369 1619 402 1677 et
424 1615 643 1699 manipulum,
670 1617 706 1677 ut
729 1635 886 1697 quemque
911 1613 1146 1694 subsicuerrmt,

102 1704 260 1787 2ponunt
283 1702 319 1765 in
342 1705 439 1768 terra.
476 1703 532 1767 ubi
557 1725 612 1767 cos
630 1703 779 1766 fecerunt
797 1704 928 1785 multos,
951 1702 1073 1766 iterum
1093 1721 1146 1765 eos

131 1795 324 1876 percensent
347 1812 385 1855 ao
408 1790 447 1855 de
471 1791 608 1876 singulis
632 1796 744 1856 secant
771 1791 857 1856 inter
880 1791 986 1874 spicas
1011 1793 1044 1855 et
1068 1793 1146 1854 stra·

131 1882 285 1943 mentum.
331 1880 437 1964 spicas
465 1880 608 1946 coiciunt
635 1881 671 1944 in
699 1880 829 1945 corbem
858 1882 955 1963 atque
979 1880 1015 1942 in
1038 1900 1147 1943 aream

131 1969 276 2051 mittunt,
300 1971 480 2035 stramenta
502 1969 665 2035 relincunt
687 1969 722 2032 in
746 1971 864 2054 segete,
887 1969 971 2032 unde
989 1968 1179 2033 tollanturn

131 2058 165 2121 in
195 2079 354 2123 acervum.
401 2059 502 2123 altero
531 2058 628 2124 modo
652 2060 792 2139 metunt,
822 2062 859 2121 ut
880 2058 916 2121 in
937 2056 1072 2137 Piceno,
1093 2056 1148 2120 ubi

131 2146 277 2230 ligneum
307 2146 433 2210 habent
464 2148 633 2212 incurvum
665 2147 835 2230 bacillum,
867 2146 902 2210 in
930 2167 993 2229 quo
1027 2145 1071 2209 sit
1098 2165 1148 2209 ex·

131 2238 236 2298 tremo
267 2234 392 2298 serrula
421 2235 536 2300 ferrea.
588 2235 668 2300 haec
699 2257 771 2300 curn
802 2234 995 2318 conprendit
1026 2233 1149 2298 fascem

132 2322 309 2406 spicarum,
337 2322 467 2388 desecat
495 2327 528 2389 et
555 2328 736 2389 stramenta
764 2325 887 2388 stantia
910 2323 944 2386 in
968 2325 1080 2408 segete
1103 2343 1150 2387 re

132 2411 264 2495 linquit,
292 2415 329 2475 ut
356 2417 471 2495 postea
499 2414 718 2478 subsecentur.
764 2413 861 2478 tertio
885 2411 982 2476 modo
1006 2411 1150 2494 metitur,
1162 2428 1184 2470 as

132 2504 169 2564 ut
191 2500 252 2566 sub
275 2502 354 2565 urbe
378 2501 484 2567 Roma
507 2507 540 2567 et
564 2503 643 2568 locis
671 2502 848 2586 plerisque,
876 2505 913 2564 ut
936 2503 1151 2565 stramentum

133 2589 274 2655 medium
298 2591 473 2675 subsicent,
496 2591 581 2676 quod
601 2613 700 2655 manu
720 2590 855 2655 sinistra
873 2611 1037 2653 summum
1055 2609 1151 2673 pren·

134 2677 229 2744 dunt:
249 2701 346 2763 aquo
366 2681 472 2744 medio
491 2702 631 2745 messem
646 2679 768 2744 dictam
786 2683 876 2762 puto.
913 2677 1000 2742 infra
1016 2699 1152 2742 manum

134 2770 348 2831 stramentum
368 2769 541 2852 quodcum
559 2769 787 2851 terrahacrct,
809 2771 926 2853 postea
945 2767 1152 2851 subsecutum

104 2859 248 2920 3contra
276 2856 364 2939 quod
393 2878 465 2921 cum
490 2859 579 2942 spica
603 2860 820 2921 stramentum
843 2855 970 2937 haeret,
996 2855 1151 2919 corbibus
1165 2873 1187 2912 ³⁰

131 2945 167 3008 in
190 2966 299 3009 aream
322 2944 474 3010 defertur.
512 2948 558 3011 ibi
583 2946 719 3011 discedit
741 2946 776 3010 in
800 2950 913 3028 aperto
933 2945 1006 3009 loco
1025 2945 1152 3028 palam:

223 3120 349 3188 'ladque
439 3126 472 3174 m
491 3121 521 3174 in
539 3119 583 3174 his
603 3119 696 3190 (iniis
716 3119 877 3190 upoqrcpbo
894 3118 1041 3184 nonnulla)
1117 3124 1151 3173 17

132 3192 238 3259 ponent
340 3196 373 3245 19
393 3190 517 3246 coiciunt
534 3190 688 3260 (coniciunt
708 3192 780 3259 Pet,
798 3191 923 3245 coiciunt
937 3190 1065 3258 plurima
1083 3205 1151 3258 apo-

131 3263 250 3331 qrapba)
323 3268 357 3316 22
377 3265 502 3318 extrema
573 3268 608 3315 24
627 3263 717 3332 segeti
736 3263 842 3331 (segete
865 3261 898 3328 V,
918 3260 1009 3328 segeti
1022 3260 1153 3330 plurima

133 3334 305 3403 apeyrupba)
382 3340 416 3388 29
435 3334 512 3402 quod
530 3336 606 3388 terra
623 3335 722 3388 haeret

197 3500 236 3548 17
251 3498 374 3567 ponunt
392 3516 446 3558 me
524 3505 560 3558 22
582 3499 713 3554 extremo
732 3510 749 3549 c
