2386 3742
302 140 430 196 RERVM
448 139 688 198 RVSTICARVM
708 139 774 194 LlB.
794 140 820 194 ΙΙ
839 146 854 194 b
1044 140 1087 204 99

70 288 198 372 durum,
222 288 328 351 colore
352 286 558 370 potissimum
583 285 690 369 nigro,
721 284 835 348 deinde
859 285 967 363 roboc,
990 287 1088 350 tertio

69 377 177 454 helvo,
201 379 318 458 quarto
343 376 430 439 albo:
464 374 676 439 mollissimus
700 375 786 437 enim
809 374 871 458 hic,
894 379 931 438 ut
954 374 1088 439 durissi-

70 487 144 530 mus
167 467 300 549 primus.
344 464 383 528 de
406 464 520 528 mediis
545 463 670 527 duobus
694 463 784 546 prior
807 485 904 546 quam
927 465 1089 546 posterior
1121 471 1139 527 9

10 548 14 553 ’
72 555 122 636 [in
140 574 179 618 co
198 554 311 636 prior],
334 553 460 636 utrique
481 553 589 635 plures
609 573 706 635 quam
724 552 810 636 nigri
830 556 864 616 ct
882 552 957 617 albi.
985 575 1088 638 noque

48 663 139 707 anon
162 646 330 726 practerea
353 645 389 705 ut
412 663 518 705 mares
544 641 675 705 seminis
700 641 779 704 boni
802 639 877 723 sint,
900 663 1037 724 quorum
1057 646 1089 706 et

69 732 179 796 forma
207 734 257 794 est
285 730 471 814 spectanda,
500 733 532 794 et
555 730 610 813 qui
633 750 672 792 ex
694 729 746 794 his
770 731 935 794 orti-sunt
957 752 1088 812 respon-

70 820 152 884 dent
176 819 217 883 ad
236 823 408 902 parentum
433 819 584 902 specicm3
609 821 641 881 et
662 821 830 901 praeterea
849 819 965 902 quibus
986 818 1089 903 regio-

10 922 15 931 '
68 909 168 973 nibus
201 909 270 971 nati
303 909 368 971 sint
396 907 505 972 refert.
557 907 636 970 boni
664 907 749 970 enim
777 907 904 990 generis
932 907 965 970 in
994 906 1090 971 Italia

10 998 16 1007 '
68 996 217 1083 plerique
233 995 348 1060 Gallici
363 996 405 1060 ad
419 1017 508 1080 opus,
527 999 640 1060 eontra
653 997 805 1080 nugatori
819 995 967 1080 Ligusci3
985 1000 1089 1060 trans·
1102 1001 1144 1058 10

28 1103 54 1147 ro
69 1086 191 1151 marini
214 1085 374 1169 Epirotici
396 1108 461 1150 non
488 1085 595 1150 solum
626 1085 776 1148 meliores
800 1086 901 1149 totius
926 1084 1090 1168 Graeciae,

70 1173 131 1240 sed
161 1174 261 1238 etiam
284 1196 382 1260 quam
405 1173 530 1238 Italiae.
576 1174 708 1237 tametsi
738 1172 869 1257 quidam
895 1174 933 1237 do
958 1173 1089 1253 Italicis,

69 1285 155 1349 quos
194 1266 328 1346 propter
366 1263 612 1346 amplitudinem
649 1266 816 1346 praestare
853 1263 980 1347 dicunt,
1021 1263 1089 1345 [ad]

44 1352 225 1418 -victimas
253 1351 379 1416 faciunt
406 1356 502 1436 atque
531 1352 571 1415 ad
601 1351 733 1416 deorum
762 1355 893 1415 servant
922 1352 1090 1436 supplicia,

71 1441 130 1526 qui
155 1441 224 1504 sine
248 1440 345 1504 dubio
370 1439 483 1504 adres
508 1440 634 1504 divinas
658 1444 791 1524 propter
810 1441 1004 1524 dignitatem
1025 1463 1090 1504 am-

17 1545 55 1593 1⁵
71 1529 245 1615 plitudinis
270 1534 302 1593 et
326 1529 441 1594 coloris
465 1528 694 1613 praeponendi.
741 1529 825 1612 quod
855 1550 893 1592 eo
917 1529 1021 1612 magis
1045 1529 1091 1611 fit,

71 1617 163 1702 quod
186 1617 253 1682 albi
277 1619 312 1681 in
335 1618 433 1683 Italia
455 1640 520 1682 non
544 1621 613 1682 tam
637 1617 820 1702 frequentes
845 1640 940 1701 quam
965 1619 1089 1701 [quam]

71 1709 110 1772 in
134 1706 274 1771 Thracia
297 1707 337 1770 ad
360 1704 487 1791 μέλανα
509 1703 653 1788 κόλπον,
682 1705 739 1770 ubi
767 1706 831 1770 alio
857 1707 963 1770 colore
986 1707 1090 1790 pauci.

71 1818 131 1861 eos
147 1816 218 1859 oum
234 1796 370 1859 emimus
386 1796 536 1879 domitos,
556 1797 750 1878 stipulamur
769 1795 823 1878 sic,
848 1793 971 1860 ‘illosoe
990 1797 1089 1860 boves

72 1905 172 1950 sanos
188 1906 257 1948 csse
271 1884 428 1967 noxisque
446 1883 631 1968 praestari’3
656 1885 884 1965 cumvemimus
904 1884 1090 1968 indomitos,
1102 1893 1140 1948 11

19 1990 58 2038 πο
73 1975 137 2057 sio,
166 1971 289 2037 ‘illosoe
318 1973 470 2038 iuvencos
500 1995 596 2038 sanos
625 1977 711 2037 recte
740 1973 842 2056 deque
870 1995 986 2058 pecore
1011 1994 1090 2037 sano

72 2083 146 2128 esse
169 2061 325 2145 noxisque
348 2063 509 2145 praestari
533 2060 759 2147 spondesnel’.
801 2061 897 2145 paulo
922 2061 1091 2126 verbosius

70 2152 165 2234 haec,
184 2151 239 2234 qui
257 2150 371 2214 Manili
391 2151 534 2215 actiones
554 2154 706 2215 secuntur
718 2151 808 2234 lanii,
828 2150 883 2235 qui
898 2151 938 2213 ad
953 2150 1091 2214 cultrum

71 2242 192 2306 bovem
216 2244 339 2303 emunt:
361 2240 432 2323 ’qui
462 2241 502 2303 ad
526 2240 653 2321 altaria,
675 2239 812 2304 hostiae*
827 2240 1001 2304 sanitatem
1025 2261 1092 2304 non
1130 2300 1146 2316 ,

73 2330 182 2394 solent
206 2328 365 2410 stipulari.

14 2433 57 2482 85
168 2416 349 2481 Pascuntur
378 2420 524 2480 armenta
552 2414 813 2481 commodissime
839 2417 873 2479 in
895 2416 1092 2498 nemoribus,

72 2507 130 2572 ubi
164 2506 307 2590 virgulta
341 2509 373 2570 et
404 2504 495 2570 frons
528 2506 647 2569 multa:
679 2505 785 2570 hieme
815 2527 887 2569 cum
917 2505 1092 2567 hibernant

73 2594 251 2660 secuudum
276 2616 373 2677 mare,
398 2597 491 2658 aestu
515 2595 690 2678 abiguntur
709 2596 743 2658 iu
763 2597 890 2658 montes
910 2593 1090 2657 frondosos.

72 2688 209 2768 propter
231 2683 373 2748 feturam
395 2683 475 2748 hacc
499 2704 625 2748 servare
646 2685 743 2748 soleo.
782 2686 856 2746 anto
876 2682 1090 2746 admissuram
1105 2690 1142 2746 12

72 2794 219 2837 mensem
247 2794 347 2836 unum
377 2794 418 2836 ne
447 2771 518 2836 cibo
549 2776 582 2836 et
604 2773 736 2857 potione
761 2793 794 2836 se
817 2771 975 2855 inpleant,
1005 2771 1090 2855 quod

71 2899 150 2906 -0-

165 2970 179 3018 1
204 2963 269 3018 dein
293 2964 404 3034 (deinde
432 2965 463 3034 V,
488 2964 552 3019 dein
571 2965 732 3035 opoprcpbc
760 2965 906 3033 nonnulla)
1006 2962 1090 3017 tertio

71 3035 172 3092 theluo
234 3041 251 3088 4
269 3035 299 3090 in
319 3052 352 3090 eo
370 3035 459 3108 prior]
478 3038 681 3091 mendicorum
700 3036 854 3105 adpositum
874 3051 927 3088 esse
946 3035 1092 3089 adnotavit

78 3108 220 3164 Victorius
293 3106 400 3162 fimari
471 3108 540 3180 sint]
560 3110 623 3162 sunt
696 3107 801 3177 8sint]
821 3108 886 3160 sunt
957 3103 1091 3174 9ligusti

72 3185 106 3233 22
126 3176 238 3232 mamili
310 3178 429 3233 aetionis
502 3186 536 3233 24
555 3178 667 3233 soluent
738 3184 772 3232 27
793 3176 943 3246 abigantur

134 3330 136 3334 ,
164 3355 284 3411 ltertio
307 3355 392 3411 belno
415 3373 431 3410 c
540 3358 607 3410 but
630 3373 720 3411 maros
745 3354 859 3410 seminis
884 3352 953 3408 boui
969 3351 1031 3404 siut
1044 3367 1094 3402 uec

73 3435 106 3482 12
145 3427 181 3482 ad
212 3434 275 3483 aute
306 3426 436 3482 victimas
470 3427 617 3486 delendum
648 3445 705 3487 case
743 3427 895 3484 uiuotuuit
926 3419 1122 3474 immanuel-os

48 3506 104 3552 122
120 3497 233 3551 Manilii
248 3497 414 3556 actionesc
491 3508 528 3560 24
549 3504 719 3561 solentino
796 3505 835 3554 ‘al
859 3491 1027 3560 amicum
1045 3498 1066 3531 o

944 3574 988 3628 rsit·
