2386 3742
277 139 408 195 RERVM
426 138 662 195 RVSTIOARVM
680 138 748 194 LIB.
762 137 802 192 111
817 143 849 192 16
1007 136 1070 202 155

56 287 153 351 favus
177 285 266 351 venit
293 286 328 351 in
351 270 469 350 altaria
496 288 529 349 et
556 285 621 348 mel
645 284 684 348 ad
707 284 868 368 principia
888 283 1015 349 convivi
1038 287 1071 348 et

57 375 93 439 in
121 375 295 439 secundam
321 395 465 438 mensam
493 374 744 438 administratur.
795 372 876 438 haec
904 375 941 436 ut
967 372 1100 437 homi-6

56 485 137 528 num
165 463 328 546 civitates,
361 462 448 547 quod
475 462 529 527 hic
558 465 607 526 est
635 464 668 527 ct
694 483 751 527 rex
779 465 812 526 et
838 461 1008 546 imperium
1039 465 1072 525 et

57 551 206 617 societas.
253 551 367 636 [quod]
396 555 548 616 secuntur
576 550 684 616 omnia
710 573 802 635 pura.
846 551 959 634 itaque
981 551 1072 614 nulla

32 641 176 705 charum
195 639 314 704 adsidit
332 639 367 705 in
384 640 456 706 loco
475 640 645 724 inquinato
664 643 721 704 aut
740 661 777 703 eo
797 638 853 723 qui
871 639 957 703 male
977 639 1072 723 oleat,

42 749 164 812 neque
193 729 292 794 etiam
319 728 354 793 in
382 750 420 794 eo
447 729 505 814 qui
532 729 618 793 bona
645 727 713 792 olet
739 730 912 812 unguenta.
963 727 1071 811 itaque

57 817 99 882 iis
119 820 234 882 unctus
255 817 311 902 qui
329 817 474 901 accessit,
492 820 653 903 pungunt,
671 837 746 901 non,
765 820 802 880 ut
816 837 954 900 muscae,
972 816 1072 900 ligur·

57 906 159 992 riunt,
181 928 244 990 quo
268 927 363 971 nemo
385 906 446 970 has
469 905 566 988 videt,
589 909 626 969 ut
648 905 731 989 illas,
754 905 789 967 in
810 926 905 969 carne
924 909 981 969 aut
1000 926 1071 968 san-

57 994 156 1080 guine
179 998 237 1058 aut
259 994 363 1078 adipe.
399 994 471 1059 ideo
496 994 591 1058 modo
615 993 788 1058 considunt
811 993 845 1057 in
868 995 912 1058 cis
935 1015 1071 1077 quorum

18 1106 44 1145 10
59 1104 158 1166 sapor
190 1083 300 1148 dulcis.
356 1083 490 1148 minime
522 1082 681 1160 malefica,
719 1082 805 1165 quod
836 1081 956 1146 nullius
991 1088 1101 1165 opus‘l

57 1171 214 1237 vellicans
241 1171 320 1236 facit
353 1172 509 1254 deterius,
544 1192 648 1255 neque
676 1172 809 1255 ignava,
841 1174 878 1234 ut
906 1192 986 1253 non,
1016 1171 1071 1254 qui

58 1261 128 1325 eius
152 1263 286 1326 conetur
308 1260 500 1343 disturbare,
523 1261 667 1341 resistat3
703 1280 806 1342 neque
829 1262 940 1323 tamen
963 1259 1073 1323 nescia

59 1370 137 1413 suae
169 1349 404 1414 inbecillitatis.
456 1370 538 1433 quae
570 1370 643 1412 cum
676 1369 773 1413 causa
805 1369 970 1411 musarum
1003 1368 1073 1412 esse

59 1435 210 1502 dicuntur
236 1437 392 1519 volucres,
415 1437 500 1521 quod
520 1439 561 1520 et,
585 1436 760 1520 siquando
781 1435 969 1519 displicatae
988 1440 1073 1518 sunt,

20 1547 45 1588 ιε
60 1525 220 1609 cymbalis
253 1529 286 1590 et
316 1527 484 1610 plausibus
516 1546 652 1590 numero
683 1523 865 1589 redducunt
897 1523 933 1586 in
964 1523 1072 1588 locum

59 1636 174 1698 unum3
207 1617 240 1678 et
261 1618 298 1678 ut
322 1614 374 1679 his
403 1614 452 1679 dis
474 1613 634 1679 Helicona
662 1616 760 1696 atque
784 1611 947 1695 Olympon
975 1611 1073 1676 adtri-

58 1704 200 1768 buerunt
226 1702 389 1788 homines,
417 1703 463 1767 sic
490 1702 542 1767 his
570 1701 702 1766 floridos
731 1703 764 1765 et
792 1701 932 1765 incultos
955 1704 1072 1765 natura

60 1791 218 1856 adtribuit
241 1796 378 1856 montes.
422 1811 532 1874 regem
564 1812 656 1854 suum
681 1793 841 1867 secuntur,
872 1796 1103 1873 quocumquess

59 1880 95 1964 it,
119 1883 152 1943 et
169 1879 290 1943 fessum
309 1881 490 1964 sublevant,
513 1883 545 1943 et
565 1880 593 1944 si
611 1878 724 1963 nequit
741 1878 860 1960 volare,
885 1877 1074 1962 succollant,

19 1968 147 2052 acquod
170 1989 243 2031 eum
267 1990 396 2033 servare
419 1969 543 2033 volunt.
569 1989 673 2052 neque
691 1968 781 2051 ipsae
801 1969 877 2030 sunt
894 1965 1073 2030 inficientes
1103 2014 1118 2022 ,-

59 2077 120 2120 nec
149 2077 215 2120 non
248 2056 384 2121 oderunt
415 2057 545 2121 inertes.
592 2057 701 2139 itaque
733 2055 932 2119 insectantes
966 2055 1006 2119 ab
1039 2075 1074 2118 se

60 2145 182 2209 eiciunt
205 2144 310 2229 fucos,
338 2145 424 2229 quod
452 2145 486 2209 bi
512 2166 615 2229 neque
643 2143 797 2208 adiuvant
819 2146 853 2207 et
875 2143 939 2206 mel
962 2164 1074 2207 consu·

59 2237 162 2316 munt,
186 2255 266 2317 quos
291 2234 495 2299 vocific'antes
519 2233 628 2316 plures
650 2236 863 2315 persecuntur
881 2231 980 2295 etiam
998 2253 1075 2315 pau-

61 2342 126 2388 cae.
179 2326 269 2386 extra
301 2323 420 2387 ostium
450 2323 514 2387 alvi
549 2324 705 2405 opturant
736 2320 858 2403 omnia,
894 2342 957 2404 qua
986 2320 1077 2384 venit

19 2431 48 2473 as
61 2410 147 2475 inter
168 2409 262 2476 favos
287 2411 429 2495 spiritus,
453 2433 551 2495 quam
574 2410 737 2474 erithacen
760 2409 928 2492 appellant
951 2407 1073 2472 Graeci.

62 2520 174 2564 omncs
198 2501 235 2563 ut
256 2499 291 2562 in
314 2499 455 2562 exercitu
478 2499 592 2563 vivunt
620 2502 716 2583 atque
746 2496 880 2562 alternis
908 2496 1104 2562 dormiunt9

62 2591 96 2652 ct
125 2608 206 2671 opus
236 2586 361 2651 faciunt
382 2588 504 2671 pariter
528 2590 561 2650 et
584 2589 621 2650 ut
643 2587 786 2651 colonias
810 2585 960 2666 mittunt,
989 2584 1075 2668 iique

62 2675 158 2740 duces
198 2675 375 2741 conficiunt
411 2674 570 2760 quaedam
608 2674 647 2739 ad
679 2695 792 2740 vocem
824 2677 861 2737 ut
891 2672 1075 2737 imitatione

60 2765 169 2830 tubae.
213 2768 284 2828 tum
310 2764 343 2829 id
370 2763 506 2846 faciunt,
535 2785 607 2829 oum
634 2765 719 2828 inter
750 2784 783 2827 se
809 2762 904 2847 signa
926 2761 1016 2844 pacis
1040 2782 1077 2826 ac

153 2955 283 3010 lfauum
334 2953 540 3026 'llingum'unt
557 2955 633 3023 quod
651 2970 734 3008 nemo
784 2953 859 3008 9eis
877 2969 927 3008 om.
976 2957 1007 3005 11
1028 2950 1076 3019 qui

62 3026 123 3080 eius
141 3028 257 3081 conetur
275 3026 336 3150 pollui
354 3030 470 3081 conatur
491 3025 530 3096 V)
572 3030 606 3078 14
624 3024 722 3079 dicunt
759 3030 791 3078 16
810 3026 843 3079 ut
860 3039 911 3079 om.
948 3021 1002 3076 diis
1021 3023 1076 3091 (dis

62 3097 120 3152 cod.
142 3096 222 3165 Par.)
303 3097 394 3151 elicon
412 3097 503 3165 adque
559 3100 592 3150 18
616 3093 763 3166 adtribuit]
790 3095 955 3150 adtribuunt
1009 3108 1076 3160 quo-

62 3183 172 3236 cunque
190 3169 214 3221 it
236 3168 274 3235 V,
297 3184 474 3236 quocumque
496 3167 532 3222 iit
550 3168 676 3237 plurimo
694 3166 855 3235 apoyrapba
928 3170 961 3220 19
981 3179 1077 3218 succo·

62 3238 125 3292 lant
196 3243 229 3292 21
249 3238 432 3310 insectantes]
451 3239 637 3309 impactantes
709 3242 744 3291 24
763 3236 838 3290 aluei
910 3242 944 3290 26
963 3236 1054 3303 adque

154 3415 308 3471 1fauusv
381 3419 414 3470 16
443 3418 473 3471 et
497 3418 531 3470 ut
551 3415 597 3470 his
621 3412 677 3471 diis
699 3412 814 3468 clicone.
831 3427 850 3466 u
920 3418 958 3464 11
978 3413 1092 3462 nuum

59 3484 191 3540 attribuit
206 3503 256 3542 ma
327 3490 363 3542 19
381 3485 580 3546 succollantu
655 3491 695 3545 11
711 3484 897 3542 inseebunbus
911 3477 1070 3533 staremus
