2386 3742
132 111 195 176 102
542 111 730 167 VARRONIS
807 119 811 126 '

130 280 203 323 eum
230 257 372 335 Lucieno
400 257 551 340 redisset,
579 256 666 340 Ego,
689 256 807 341 inquit,
830 256 869 320 de
893 256 994 321 asinis
1017 257 1144 342 potissi·

130 369 218 411 mum
239 347 352 429 dicam,
374 347 461 430 quod
480 368 551 410 sum
566 345 732 429 Reatinus,
751 345 808 410 ubi
826 345 943 428 optimi
962 349 995 409 et
1013 345 1146 411 maximi

129 435 221 517 fiunt,
246 457 263 498 e
287 457 350 519 quo
375 435 510 499 seminio
535 455 596 518 ego
619 435 672 498 hio
696 434 864 518 procreavi
886 433 995 518 pullos
1016 438 1051 498 et
1069 436 1144 520 ipsis

100 523 311 589 2Areadibus
332 524 459 589 vendidi
479 523 681 606 aliquotiens.
708 524 808 607 igitur
828 522 993 588 asinorum
1012 544 1144 608 gregem

130 613 187 696 qui
214 612 318 677 faeere
346 613 416 677 vult
443 614 579 694 bonum,
607 612 748 695 primum
774 611 948 677 videndum
978 615 1017 676 ut
1041 630 1174 678 maresa

129 700 330 785 feminasque
358 703 445 766 bona
468 704 575 765 aetate
599 703 720 782 sumat,
749 702 875 785 utrique
897 705 934 765 ut
958 722 1060 784 quam
1082 701 1143 766 diu-

129 790 255 854 tissime
269 791 412 855 fruetum
427 791 510 854 ferre
524 790 663 874 possint:
686 789 808 872 firmos,
826 789 978 853 omnibus
995 791 1142 872 partibus

129 878 296 958 honestos,
320 901 455 963 corpore
479 879 600 962 amplo,
624 876 761 944 s'eminio
786 880 886 962 bono,
916 899 956 941 ex
978 878 1033 943 his
1057 880 1141 961 loeis,

129 969 214 1032 unde
242 970 368 1052 optumi
397 970 528 1049 exeunt,
556 967 641 1051 quod
664 967 804 1049 faciunt,
832 966 1052 1049 Peloponnesi
1075 988 1140 1032 eum

129 1057 338 1139 potissimum
362 1078 417 1120 eos
441 1079 480 1120 ex
503 1054 644 1120 Arcadia
667 1059 793 1138 emant,
826 1056 860 1119 in
881 1053 979 1120 Italia
1003 1078 1044 1120 ex
1068 1073 1167 1141 agion

128 1145 276 1209 Reatino.
321 1167 388 1210 non
416 1146 516 1229 enim,
545 1145 572 1208 si
601 1165 752 1209 murenae
776 1145 918 1227 optimae
941 1144 1044 1208 flutae
1070 1147 1138 1210 sunt

129 1233 164 1296 in
188 1231 298 1297 Sicilia
321 1237 354 1297 et
376 1234 489 1317 helops
515 1237 554 1297 ad
572 1232 724 1315 Rhodon,
747 1233 900 1298 continuo
923 1233 959 1297 hi
982 1235 1089 1317 pisces
1110 1233 1138 1296 in

100 1323 219 1388 3omni
252 1323 334 1387 mari
367 1323 490 1386 similes
523 1325 712 1387 naseuntur.
763 1322 879 1388 horum
913 1341 1035 1406 genera
1066 1323 1137 1386 duo:

129 1432 229 1475 unum
252 1411 371 1496 ferum,
399 1433 480 1496 quos
503 1414 621 1476 vocant
645 1431 804 1496 onagros,
832 1414 866 1474 ut
887 1410 922 1474 in
945 1410 1091 1496 Phrygia
1111 1413 1137 1474 et

128 1498 291 1584 Lycaonia
315 1503 392 1564 sunt
414 1521 527 1585 greges
552 1499 661 1582 multi3
699 1500 836 1564 alterum
858 1503 1080 1583 mansuetum,
1106 1502 1163 1563 utu

129 1593 205 1652 sunt
228 1590 262 1653 in
285 1588 383 1653 Italia
406 1611 527 1654 omnes.
573 1589 612 1653 ad
644 1589 890 1653 seminationem
913 1609 1057 1672 onagrus
1078 1588 1136 1652 ido·

128 1698 219 1759 neus,
248 1678 334 1761 quod
362 1682 394 1741 et
422 1700 439 1741 e
465 1678 534 1743 fero
562 1678 599 1741 fit
621 1681 809 1742 mansuetus
840 1676 935 1741 facile
960 1680 993 1741 et
1017 1699 1035 1743 e
1058 1698 1137 1742 man·

129 1769 220 1829 sueto
253 1765 340 1831 ferus
372 1788 559 1851 numquam.
612 1767 697 1849 quod
730 1766 853 1830 similes
885 1769 1061 1848 parentum
1091 1785 1137 1851 ge-

128 1858 266 1936 nuntur,
295 1855 435 1940 eligendi
463 1859 496 1920 et
518 1877 589 1919 mas
617 1858 650 1918 et
676 1854 797 1919 femina
825 1876 898 1918 eum
924 1854 1085 1939 dignitate
1106 1855 1137 1918 ut

129 1944 181 2009 sit.
222 1945 256 2007 in
280 1944 451 2009 mere-ando
471 1945 550 2009 item
569 1950 606 2007 ut
625 1948 749 2008 ceterae
769 1943 905 2026 peeudes
925 1942 1165 2026 emptionibnst

129 2036 161 2096 et
184 2033 415 2098 traditionibus
444 2032 611 2098 dominum
640 2035 780 2114 mutant,
808 2035 840 2096 et
867 2032 906 2096 de
935 2033 1076 2098 sanitate
1106 2051 1138 2096 ae

98 2129 213 2185 4n0xa
242 2123 326 2185 rolet
353 2123 467 2187 caveri.
514 2121 679 2186 commode
706 2125 883 2205 pascuntur
910 2120 999 2185 farre
1024 2126 1057 2186 et
1080 2121 1137 2185 fur·

129 2209 253 2274 furibus
283 2210 480 2275 hordeaceis.
534 2210 749 2276 admittuntur
782 2214 856 2274 ante
890 2210 1078 2294 solstitium,
1107 2211 1139 2273 ut

129 2297 241 2362 eodem
265 2301 411 2382 tempore
436 2299 567 2363 alterius
586 2299 663 2364 anni
682 2299 823 2382 pariant:
848 2298 1040 2365 duodecimo
1059 2298 1138 2364 enim

128 2407 239 2450 mense
268 2392 459 2470 conceptum
489 2409 598 2452 semen
625 2388 771 2452 reddunt.
822 2391 1017 2472 praegnates
1049 2399 1164 2472 opereat

109 2474 251 2540 levant:
275 2480 386 2540 venter
401 2478 487 2541 enim
502 2478 612 2541 labore
630 2477 796 2541 nationem
814 2476 920 2541 reddit
943 2475 1138 2542 deteriorem.

128 2587 251 2630 marem
277 2587 344 2630 non
374 2566 551 2649 deiungimt
575 2566 616 2630 ab
640 2587 754 2649 opere,
778 2565 864 2649 quod
886 2564 1080 2630 remissione
1100 2565 1139 2629 la·

128 2653 217 2718 boris
251 2655 288 2718 fit
321 2655 469 2719 deterior.
521 2654 556 2718 in
588 2659 684 2738 partu
716 2653 830 2718 eadem
861 2654 927 2719 fere
961 2654 1138 2737 observant,

129 2763 210 2824 quae
242 2743 277 2806 in
310 2743 409 2827 equis.
460 2742 635 2807 seeundum
670 2747 800 2826 partum
827 2743 933 2826 pullos
964 2764 1050 2808 anno
1078 2763 1139 2808 non

128 2836 296 2895 removent
320 2854 339 2894 a
362 2835 475 2896 matre.
519 2832 667 2916 proximo
692 2853 776 2896 anno
799 2832 949 2897 noctibus
974 2832 1166 2915 patiunturtl

220 3005 421 3060 lreddidisset
529 3005 626 3078 5qui]
645 3007 714 3074 quin
823 3004 948 3074 'lpessit
1060 3011 1139 3061 1001

129 3075 357 3132 aroediemebant
376 3080 421 3147 (ex
440 3078 554 3132 arcadia
574 3079 705 3132 emebant
728 3077 767 3147 V)
851 3083 884 3131 11
904 3076 1139 3147 optimae-elotae

130 3153 164 3201 14
182 3149 215 3202 ut
228 3154 293 3218 post
311 3165 431 3217 onagros
450 3165 499 3204 om.
537 3153 570 3202 28
590 3149 634 3220 fit]
655 3148 694 3203 sie
765 3147 880 3218 inpastu

218 3326 372 3382 lredisset
390 3343 415 3379 m
524 3330 539 3378 ὁ
569 3325 617 3394 qui
644 3323 737 3380 faeere
764 3341 811 3379 me
840 3331 864 3380 et
892 3325 958 3379 libri
975 3325 1141 3393 {recentiores

120 3401 138 3450 7
149 3399 269 3466 possint
287 3416 337 3456 mv
404 3401 439 3453 10
457 3399 556 3453 emant
574 3397 657 3453 editio
677 3397 841 3451 Bositeeests
858 3414 886 3450 o.
906 3399 977 3451 1521
1042 3401 1076 3450 11
1094 3393 1141 3449 flu·

105 3469 193 3525 teeo
271 3478 307 3530 28
327 3472 363 3530 fit
383 3469 550 3530 deteriore
624 3465 928 3538 reportaremur.
