<?xml version="1.0" encoding="UTF-8"?>
<!DOCTYPE html PUBLIC "-//W3C//DTD XHTML 1.0 Transitional//EN"
    "http://www.w3.org/TR/xhtml1/DTD/xhtml1-transitional.dtd">
<html xmlns="http://www.w3.org/1999/xhtml" xml:lang="en" lang="en">
 <head>
  <title>
</title>
<meta http-equiv="Content-Type" content="text/html;charset=utf-8" />
  <meta name='ocr-system' content='tesseract 3.04.00' />
  <meta name='ocr-capabilities' content='ocr_page ocr_carea ocr_par ocr_line ocrx_word'/>
</head>
<body>
  <div class='ocr_page' id='page_1' title='image "./mterentivarroni01varrgoog/mterentivarroni01varrgoog_0164.png"; bbox 0 0 2386 3742; ppageno 0'>
   <div class='ocr_carea' id='block_1_1' title="bbox 250 152 1078 218">
    <p class='ocr_par' dir='ltr' id='par_1_1' title="bbox 250 152 1078 218">
     <span class='ocr_line' id='line_1_1' title="bbox 250 152 1078 218; baseline 0.013 -10"><span class='ocrx_word' id='word_1_1' title='bbox 250 153 381 209; x_wconf 77' lang='lat' dir='ltr'>RERVM</span> <span class='ocrx_word' id='word_1_2' title='bbox 398 152 636 210; x_wconf 77' lang='lat' dir='ltr'><strong>nvs&#39;rlcnnvn</strong></span> <span class='ocrx_word' id='word_1_3' title='bbox 655 153 721 208; x_wconf 75' lang='grc' dir='ltr'><strong>ΗΒ.</strong></span> <span class='ocrx_word' id='word_1_4' title='bbox 741 153 780 208; x_wconf 89' lang='lat'><strong>111</strong></span> <span class='ocrx_word' id='word_1_5' title='bbox 800 159 904 208; x_wconf 79' lang='lat'>10-12</span> <span class='ocrx_word' id='word_1_6' title='bbox 1015 154 1078 218; x_wconf 89' lang='lat'><strong>149</strong></span> 
     </span>
    </p>
   </div>
   <div class='ocr_carea' id='block_1_2' title="bbox 33 298 1129 742">
    <p class='ocr_par' dir='ltr' id='par_1_2' title="bbox 33 298 1129 742">
     <span class='ocr_line' id='line_1_2' title="bbox 63 298 1108 384; baseline 0.001 -19"><span class='ocrx_word' id='word_1_7' title='bbox 63 301 112 366; x_wconf 86' lang='lat' dir='ltr'><strong>sio</strong></span> <span class='ocrx_word' id='word_1_8' title='bbox 132 299 217 365; x_wconf 90' lang='lat' dir='ltr'><strong>enim</strong></span> <span class='ocrx_word' id='word_1_9' title='bbox 237 299 344 365; x_wconf 91' lang='lat' dir='ltr'><strong>cibum</strong></span> <span class='ocrx_word' id='word_1_10' title='bbox 364 299 503 384; x_wconf 91' lang='lat' dir='ltr'><strong>capiunt.</strong></span> <span class='ocrx_word' id='word_1_11' title='bbox 541 321 652 364; x_wconf 91' lang='lat' dir='ltr'><strong>omnes</strong></span> <span class='ocrx_word' id='word_1_12' title='bbox 674 299 816 383; x_wconf 88' lang='lat' dir='ltr'><strong>parietes</strong></span> <span class='ocrx_word' id='word_1_13' title='bbox 838 298 975 363; x_wconf 87' lang='lat' dir='ltr'><strong>tectorio</strong></span> <span class='ocrx_word' id='word_1_14' title='bbox 1000 300 1108 366; x_wconf 89' lang='lat' dir='ltr'><strong>levi-3</strong></span> 
     </span>
     <span class='ocr_line' id='line_1_3' title="bbox 63 387 1078 475; baseline -0.001 -22"><span class='ocrx_word' id='word_1_15' title='bbox 63 392 198 475; x_wconf 78' lang='lat' dir='ltr'><strong>gantur,</strong></span> <span class='ocrx_word' id='word_1_16' title='bbox 226 410 268 453; x_wconf 86' lang='lat' dir='ltr'><strong>na</strong></span> <span class='ocrx_word' id='word_1_17' title='bbox 295 388 396 457; x_wconf 84' lang='lat' dir='ltr'><strong>faeles</strong></span> <span class='ocrx_word' id='word_1_18' title='bbox 425 389 528 454; x_wconf 83' lang='lat' dir='ltr'><strong>aliave</strong></span> <span class='ocrx_word' id='word_1_19' title='bbox 557 410 638 473; x_wconf 88' lang='lat' dir='ltr'><strong>quae</strong></span> <span class='ocrx_word' id='word_1_20' title='bbox 666 387 772 452; x_wconf 89' lang='lat' dir='ltr'><strong>bestia</strong></span> <span class='ocrx_word' id='word_1_21' title='bbox 798 388 935 452; x_wconf 87' lang='lat' dir='ltr'><strong>introire</strong></span> <span class='ocrx_word' id='word_1_22' title='bbox 959 387 1000 451; x_wconf 93' lang='lat' dir='ltr'><strong>ad</strong></span> <span class='ocrx_word' id='word_1_23' title='bbox 1021 409 1078 452; x_wconf 92' lang='lat' dir='ltr'><strong>no·</strong></span> 
     </span>
     <span class='ocr_line' id='line_1_4' title="bbox 63 477 1079 561; baseline -0.002 -18"><span class='ocrx_word' id='word_1_24' title='bbox 63 478 201 544; x_wconf 91' lang='lat' dir='ltr'><strong>cendum</strong></span> <span class='ocrx_word' id='word_1_25' title='bbox 228 477 348 560; x_wconf 86' lang='lat' dir='ltr'><strong>possit,</strong></span> <span class='ocrx_word' id='word_1_26' title='bbox 375 477 470 561; x_wconf 89' lang='lat' dir='ltr'><strong>idque</strong></span> <span class='ocrx_word' id='word_1_27' title='bbox 499 480 647 560; x_wconf 88' lang='lat' dir='ltr'><strong>saeptum</strong></span> <span class='ocrx_word' id='word_1_28' title='bbox 674 480 780 541; x_wconf 90' lang='lat' dir='ltr'><strong>totum</strong></span> <span class='ocrx_word' id='word_1_29' title='bbox 808 481 877 541; x_wconf 89' lang='lat' dir='ltr'><strong>rete</strong></span> <span class='ocrx_word' id='word_1_30' title='bbox 901 477 1079 561; x_wconf 84' lang='lat' dir='ltr'>grandibus</span> 
     </span>
     <span class='ocr_line' id='line_1_5' title="bbox 61 565 1079 652; baseline 0 -21"><span class='ocrx_word' id='word_1_31' title='bbox 61 566 200 631; x_wconf 86' lang='lat' dir='ltr'><strong>maculis</strong></span> <span class='ocrx_word' id='word_1_32' title='bbox 226 565 399 652; x_wconf 73' lang='lat' dir='ltr'><strong>integitur,</strong></span> <span class='ocrx_word' id='word_1_33' title='bbox 424 587 466 630; x_wconf 92' lang='lat' dir='ltr'><strong>ne</strong></span> <span class='ocrx_word' id='word_1_34' title='bbox 495 587 533 630; x_wconf 90' lang='lat' dir='ltr'><strong>eo</strong></span> <span class='ocrx_word' id='word_1_35' title='bbox 560 566 705 630; x_wconf 86' lang='lat' dir='ltr'><strong>involare</strong></span> <span class='ocrx_word' id='word_1_36' title='bbox 732 566 843 650; x_wconf 86' lang='lat' dir='ltr'><strong>aquila</strong></span> <span class='ocrx_word' id='word_1_37' title='bbox 870 565 977 650; x_wconf 83' lang='lat' dir='ltr'><strong>possit</strong></span> <span class='ocrx_word' id='word_1_38' title='bbox 999 587 1079 642; x_wconf 76' lang='lat' dir='ltr'><strong>neve</strong></span> 
     </span>
     <span class='ocr_line' id='line_1_6' title="bbox 33 652 1129 742; baseline -0.002 -22"><span class='ocrx_word' id='word_1_39' title='bbox 33 652 130 742; x_wconf 79' lang='lat' dir='ltr'><strong>o[ea]</strong></span> <span class='ocrx_word' id='word_1_40' title='bbox 160 654 288 720; x_wconf 84' lang='lat' dir='ltr'>evolare</span> <span class='ocrx_word' id='word_1_41' title='bbox 317 675 404 719; x_wconf 87' lang='lat' dir='ltr'><strong>anas.</strong></span> <span class='ocrx_word' id='word_1_42' title='bbox 449 654 604 738; x_wconf 88' lang='lat' dir='ltr'><strong>pabulum</strong></span> <span class='ocrx_word' id='word_1_43' title='bbox 631 654 671 718; x_wconf 90' lang='lat' dir='ltr'><strong>iis</strong></span> <span class='ocrx_word' id='word_1_44' title='bbox 701 654 795 718; x_wconf 87' lang='lat' dir='ltr'><strong>datur</strong></span> <span class='ocrx_word' id='word_1_45' title='bbox 818 654 978 739; x_wconf 89' lang='lat' dir='ltr'><strong>triticum,</strong></span> <span class='ocrx_word' id='word_1_46' title='bbox 1005 655 1079 720; x_wconf 94' lang='lat' dir='ltr'><strong>hor·</strong></span> <span class='ocrx_word' id='word_1_47' title='bbox 1127 729 1129 733; x_wconf 11' lang='lat' dir='ltr'>y</span> 
     </span>
    </p>
   </div>
   <div class='ocr_carea' id='block_1_3' title="bbox 16 742 1171 3132">
    <p class='ocr_par' dir='ltr' id='par_1_3' title="bbox 62 742 1171 1094">
     <span class='ocr_line' id='line_1_7' title="bbox 63 742 1171 827; baseline -0.001 -19"><span class='ocrx_word' id='word_1_48' title='bbox 63 745 173 827; x_wconf 89' lang='lat' dir='ltr'><strong>deum,</strong></span> <span class='ocrx_word' id='word_1_49' title='bbox 200 742 339 827; x_wconf 83' lang='lat' dir='ltr'><strong>vinacei,</strong></span> <span class='ocrx_word' id='word_1_50' title='bbox 367 744 476 823; x_wconf 84' lang='lat' dir='ltr'><strong>[uvae]</strong></span> <span class='ocrx_word' id='word_1_51' title='bbox 504 764 571 808; x_wconf 92' lang='lat' dir='ltr'><strong>non</strong></span> <span class='ocrx_word' id='word_1_52' title='bbox 598 765 771 827; x_wconf 82' lang='lat' dir='ltr'><strong>numquam</strong></span> <span class='ocrx_word' id='word_1_53' title='bbox 803 742 902 807; x_wconf 91' lang='lat' dir='ltr'><strong>etiam</strong></span> <span class='ocrx_word' id='word_1_54' title='bbox 933 764 971 806; x_wconf 85' lang='lat' dir='ltr'><strong>ex</strong></span> <span class='ocrx_word' id='word_1_55' title='bbox 995 765 1080 826; x_wconf 88' lang='lat' dir='ltr'><strong>aqua</strong></span> <span class='ocrx_word' id='word_1_56' title='bbox 1154 742 1171 751; x_wconf 81' lang='grc'>”</span> 
     </span>
     <span class='ocr_line' id='line_1_8' title="bbox 62 831 1079 917; baseline 0 -20"><span class='ocrx_word' id='word_1_57' title='bbox 62 833 220 898; x_wconf 88' lang='lat' dir='ltr'><strong>cammari</strong></span> <span class='ocrx_word' id='word_1_58' title='bbox 243 836 276 896; x_wconf 88' lang='lat' dir='ltr'><strong>et</strong></span> <span class='ocrx_word' id='word_1_59' title='bbox 298 831 456 915; x_wconf 87' lang='lat' dir='ltr'><strong>quaedam</strong></span> <span class='ocrx_word' id='word_1_60' title='bbox 480 832 547 897; x_wconf 91' lang='lat' dir='ltr'><strong>eius</strong></span> <span class='ocrx_word' id='word_1_61' title='bbox 571 831 659 895; x_wconf 91' lang='lat' dir='ltr'><strong>modi</strong></span> <span class='ocrx_word' id='word_1_62' title='bbox 682 831 847 917; x_wconf 87' lang='lat' dir='ltr'><strong>aquatilia.</strong></span> <span class='ocrx_word' id='word_1_63' title='bbox 884 853 965 916; x_wconf 92' lang='lat' dir='ltr'><strong>quae</strong></span> <span class='ocrx_word' id='word_1_64' title='bbox 988 832 1079 897; x_wconf 89' lang='lat' dir='ltr'><strong>ineo</strong></span> 
     </span>
     <span class='ocr_line' id='line_1_9' title="bbox 63 920 1079 1005; baseline -0.003 -18"><span class='ocrx_word' id='word_1_65' title='bbox 63 923 178 1004; x_wconf 81' lang='lat' dir='ltr'><strong>saepto</strong></span> <span class='ocrx_word' id='word_1_66' title='bbox 210 923 304 984; x_wconf 87' lang='lat' dir='ltr'><strong>erunt</strong></span> <span class='ocrx_word' id='word_1_67' title='bbox 335 920 490 1005; x_wconf 86' lang='lat' dir='ltr'><strong>piscinae,</strong></span> <span class='ocrx_word' id='word_1_68' title='bbox 521 921 556 984; x_wconf 93' lang='lat' dir='ltr'><strong>in</strong></span> <span class='ocrx_word' id='word_1_69' title='bbox 588 943 641 984; x_wconf 90' lang='lat' dir='ltr'><strong>eas</strong></span> <span class='ocrx_word' id='word_1_70' title='bbox 675 942 793 1005; x_wconf 89' lang='lat' dir='ltr'><strong>aquam</strong></span> <span class='ocrx_word' id='word_1_71' title='bbox 824 920 915 1005; x_wconf 85' lang='lat' dir='ltr'><strong>large</strong></span> <span class='ocrx_word' id='word_1_72' title='bbox 947 920 1079 985; x_wconf 87' lang='lat' dir='ltr'><strong>influere</strong></span> 
     </span>
     <span class='ocr_line' id='line_1_10' title="bbox 63 1009 622 1094; baseline -0.007 -19"><span class='ocrx_word' id='word_1_73' title='bbox 63 1011 205 1094; x_wconf 86' lang='lat' dir='ltr'><strong>oportet,</strong></span> <span class='ocrx_word' id='word_1_74' title='bbox 226 1012 264 1073; x_wconf 94' lang='lat' dir='ltr'><strong>ut</strong></span> <span class='ocrx_word' id='word_1_75' title='bbox 287 1029 414 1092; x_wconf 86' lang='lat' dir='ltr'><strong>semper</strong></span> <span class='ocrx_word' id='word_1_76' title='bbox 435 1030 547 1074; x_wconf 90' lang='lat' dir='ltr'><strong>recens</strong></span> <span class='ocrx_word' id='word_1_77' title='bbox 571 1009 622 1073; x_wconf 89' lang='lat' dir='ltr'><strong>sit.</strong></span> 
     </span>
    </p>

    <p class='ocr_par' dir='ltr' id='par_1_4' title="bbox 16 1095 1110 1536">
     <span class='ocr_line' id='line_1_11' title="bbox 16 1095 1110 1182; baseline 0.002 -22"><span class='ocrx_word' id='word_1_78' title='bbox 16 1121 47 1161; x_wconf 79' lang='grc' dir='ltr'><strong>ιο</strong></span> <span class='ocrx_word' id='word_1_79' title='bbox 155 1095 238 1162; x_wconf 83' lang='lat' dir='ltr'><strong>Sunt</strong></span> <span class='ocrx_word' id='word_1_80' title='bbox 263 1098 342 1161; x_wconf 90' lang='lat' dir='ltr'><strong>item</strong></span> <span class='ocrx_word' id='word_1_81' title='bbox 369 1119 436 1162; x_wconf 92' lang='lat' dir='ltr'><strong>non</strong></span> <span class='ocrx_word' id='word_1_82' title='bbox 464 1097 634 1162; x_wconf 83' lang='lat' dir='ltr'><strong>dissimilia</strong></span> <span class='ocrx_word' id='word_1_83' title='bbox 663 1097 728 1162; x_wconf 87' lang='lat' dir='ltr'><strong>alia</strong></span> <span class='ocrx_word' id='word_1_84' title='bbox 758 1118 889 1182; x_wconf 84' lang='lat' dir='ltr'><strong>genera,</strong></span> <span class='ocrx_word' id='word_1_85' title='bbox 923 1099 960 1161; x_wconf 91' lang='lat' dir='ltr'><strong>ut</strong></span> <span class='ocrx_word' id='word_1_86' title='bbox 987 1103 1110 1181; x_wconf 85' lang='lat' dir='ltr'><strong>quer-4</strong></span> 
     </span>
     <span class='ocr_line' id='line_1_12' title="bbox 63 1185 1080 1271; baseline 0 -21"><span class='ocrx_word' id='word_1_87' title='bbox 63 1185 233 1271; x_wconf 88' lang='lat' dir='ltr'><strong>quedulae,</strong></span> <span class='ocrx_word' id='word_1_88' title='bbox 256 1185 451 1270; x_wconf 88' lang='lat' dir='ltr'><strong>phalarides,</strong></span> <span class='ocrx_word' id='word_1_89' title='bbox 475 1186 520 1251; x_wconf 92' lang='lat' dir='ltr'><strong>sic</strong></span> <span class='ocrx_word' id='word_1_90' title='bbox 543 1186 698 1270; x_wconf 87' lang='lat' dir='ltr'><strong>perdices,</strong></span> <span class='ocrx_word' id='word_1_91' title='bbox 721 1207 811 1270; x_wconf 92' lang='lat' dir='ltr'><strong>quae,</strong></span> <span class='ocrx_word' id='word_1_92' title='bbox 840 1189 878 1251; x_wconf 90' lang='lat' dir='ltr'><strong>ut</strong></span> <span class='ocrx_word' id='word_1_93' title='bbox 900 1185 1080 1251; x_wconf 85' lang='lat' dir='ltr'><strong>Archelaus</strong></span> 
     </span>
     <span class='ocr_line' id='line_1_13' title="bbox 64 1274 1081 1360; baseline -0.001 -20"><span class='ocrx_word' id='word_1_94' title='bbox 64 1274 192 1359; x_wconf 89' lang='lat' dir='ltr'><strong>scribit,</strong></span> <span class='ocrx_word' id='word_1_95' title='bbox 216 1296 293 1339; x_wconf 84' lang='lat' dir='ltr'><strong>voce</strong></span> <span class='ocrx_word' id='word_1_96' title='bbox 316 1275 415 1339; x_wconf 89' lang='lat' dir='ltr'><strong>maris</strong></span> <span class='ocrx_word' id='word_1_97' title='bbox 440 1275 551 1340; x_wconf 90' lang='lat' dir='ltr'><strong>audita</strong></span> <span class='ocrx_word' id='word_1_98' title='bbox 574 1275 768 1359; x_wconf 89' lang='lat' dir='ltr'><strong>concipiunt.</strong></span> <span class='ocrx_word' id='word_1_99' title='bbox 814 1297 905 1360; x_wconf 91' lang='lat' dir='ltr'><strong>quae,</strong></span> <span class='ocrx_word' id='word_1_100' title='bbox 928 1278 965 1338; x_wconf 92' lang='lat' dir='ltr'><strong>ut</strong></span> <span class='ocrx_word' id='word_1_101' title='bbox 987 1297 1081 1359; x_wconf 89' lang='lat' dir='ltr'><strong>supe-</strong></span> 
     </span>
     <span class='ocr_line' id='line_1_14' title="bbox 62 1364 1080 1447; baseline 0 -19"><span class='ocrx_word' id='word_1_102' title='bbox 62 1364 177 1447; x_wconf 80' lang='lat' dir='ltr'><strong>riores,</strong></span> <span class='ocrx_word' id='word_1_103' title='bbox 199 1385 301 1447; x_wconf 89' lang='lat' dir='ltr'><strong>neque</strong></span> <span class='ocrx_word' id='word_1_104' title='bbox 326 1368 460 1447; x_wconf 91' lang='lat' dir='ltr'><strong>propter</strong></span> <span class='ocrx_word' id='word_1_105' title='bbox 482 1364 712 1429; x_wconf 86' lang='lat' dir='ltr'><strong>fecunditatem</strong></span> <span class='ocrx_word' id='word_1_106' title='bbox 730 1384 835 1447; x_wconf 92' lang='lat' dir='ltr'><strong>neque</strong></span> <span class='ocrx_word' id='word_1_107' title='bbox 854 1367 989 1447; x_wconf 91' lang='lat' dir='ltr'><strong>propter</strong></span> <span class='ocrx_word' id='word_1_108' title='bbox 1007 1385 1080 1428; x_wconf 90' lang='lat' dir='ltr'><strong>sua·</strong></span> 
     </span>
     <span class='ocr_line' id='line_1_15' title="bbox 63 1451 1081 1536; baseline -0.003 -19"><span class='ocrx_word' id='word_1_109' title='bbox 63 1453 201 1517; x_wconf 85' lang='lat' dir='ltr'><strong>vitatem</strong></span> <span class='ocrx_word' id='word_1_110' title='bbox 224 1452 414 1536; x_wconf 85' lang='lat' dir='ltr'><strong>saginantur</strong></span> <span class='ocrx_word' id='word_1_111' title='bbox 431 1453 523 1518; x_wconf 82' lang='lat' dir='ltr'><strong>etsie</strong></span> <span class='ocrx_word' id='word_1_112' title='bbox 542 1452 702 1536; x_wconf 88' lang='lat' dir='ltr'><strong>pascendo</strong></span> <span class='ocrx_word' id='word_1_113' title='bbox 722 1452 806 1516; x_wconf 88' lang='lat' dir='ltr'><strong>fiunt</strong></span> <span class='ocrx_word' id='word_1_114' title='bbox 823 1453 973 1536; x_wconf 84' lang='lat' dir='ltr'><strong>pingues.</strong></span> <span class='ocrx_word' id='word_1_115' title='bbox 995 1451 1081 1535; x_wconf 92' lang='lat' dir='ltr'><strong>quod</strong></span> 
     </span>
    </p>

    <p class='ocr_par' dir='ltr' id='par_1_5' title="bbox 19 1540 1080 1714">
     <span class='ocr_line' id='line_1_16' title="bbox 19 1540 1080 1624; baseline 0.002 -22"><span class='ocrx_word' id='word_1_116' title='bbox 19 1562 48 1604; x_wconf 78' lang='lat' dir='ltr'><strong>rs</strong></span> <span class='ocrx_word' id='word_1_117' title='bbox 64 1542 106 1605; x_wconf 89' lang='lat' dir='ltr'><strong>ad</strong></span> <span class='ocrx_word' id='word_1_118' title='bbox 139 1540 353 1606; x_wconf 82' lang='lat' dir='ltr'><strong>villaticarum</strong></span> <span class='ocrx_word' id='word_1_119' title='bbox 386 1541 572 1624; x_wconf 88' lang='lat' dir='ltr'><strong>pastionum</strong></span> <span class='ocrx_word' id='word_1_120' title='bbox 604 1541 745 1624; x_wconf 88' lang='lat' dir='ltr'><strong>primum</strong></span> <span class='ocrx_word' id='word_1_121' title='bbox 778 1545 887 1604; x_wconf 91' lang='lat' dir='ltr'><strong>actum</strong></span> <span class='ocrx_word' id='word_1_122' title='bbox 918 1541 1080 1624; x_wconf 89' lang='lat' dir='ltr'><strong>pertinere</strong></span> 
     </span>
     <span class='ocr_line' id='line_1_17' title="bbox 63 1629 357 1714; baseline 0 -20"><span class='ocrx_word' id='word_1_123' title='bbox 63 1651 138 1694; x_wconf 86' lang='lat' dir='ltr'><strong>sum</strong></span> <span class='ocrx_word' id='word_1_124' title='bbox 160 1631 261 1714; x_wconf 91' lang='lat' dir='ltr'><strong>ratus,</strong></span> <span class='ocrx_word' id='word_1_125' title='bbox 283 1629 357 1694; x_wconf 85' lang='lat' dir='ltr'><strong>dixi.</strong></span> 
     </span>
    </p>

    <p class='ocr_par' dir='ltr' id='par_1_6' title="bbox 63 1716 1144 1982">
     <span class='ocr_line' id='line_1_18' title="bbox 155 1716 1144 1802; baseline 0.003 -21"><span class='ocrx_word' id='word_1_126' title='bbox 155 1717 283 1782; x_wconf 88' lang='lat' dir='ltr'><strong>Interea</strong></span> <span class='ocrx_word' id='word_1_127' title='bbox 300 1717 384 1782; x_wconf 89' lang='lat' dir='ltr'><strong>redit</strong></span> <span class='ocrx_word' id='word_1_128' title='bbox 402 1716 538 1802; x_wconf 81' lang='lat' dir='ltr'><strong>Appius,</strong></span> <span class='ocrx_word' id='word_1_129' title='bbox 562 1720 594 1782; x_wconf 93' lang='lat' dir='ltr'><strong>et</strong></span> <span class='ocrx_word' id='word_1_130' title='bbox 611 1718 796 1801; x_wconf 86' lang='lat' dir='ltr'><strong>percontati</strong></span> <span class='ocrx_word' id='word_1_131' title='bbox 818 1739 878 1781; x_wconf 87' lang='lat' dir='ltr'><strong>nos</strong></span> <span class='ocrx_word' id='word_1_132' title='bbox 902 1718 943 1781; x_wconf 91' lang='lat' dir='ltr'><strong>ab</strong></span> <span class='ocrx_word' id='word_1_133' title='bbox 967 1718 1024 1781; x_wconf 91' lang='lat' dir='ltr'><strong>illo</strong></span> <span class='ocrx_word' id='word_1_134' title='bbox 1045 1718 1144 1785; x_wconf 86' lang='lat' dir='ltr'><strong>etXII&#39;</strong></span> 
     </span>
     <span class='ocr_line' id='line_1_19' title="bbox 63 1805 1082 1891; baseline 0 -20"><span class='ocrx_word' id='word_1_135' title='bbox 63 1807 122 1871; x_wconf 92' lang='lat' dir='ltr'><strong>ille</strong></span> <span class='ocrx_word' id='word_1_136' title='bbox 151 1828 170 1870; x_wconf 92' lang='lat' dir='ltr'><strong>a</strong></span> <span class='ocrx_word' id='word_1_137' title='bbox 197 1806 307 1890; x_wconf 90' lang='lat' dir='ltr'><strong>nobis,</strong></span> <span class='ocrx_word' id='word_1_138' title='bbox 336 1807 412 1891; x_wconf 91' lang='lat' dir='ltr'><strong>quid</strong></span> <span class='ocrx_word' id='word_1_139' title='bbox 441 1809 527 1871; x_wconf 91' lang='lat' dir='ltr'><strong>esset</strong></span> <span class='ocrx_word' id='word_1_140' title='bbox 556 1805 677 1872; x_wconf 90' lang='lat' dir='ltr'><strong>dictum</strong></span> <span class='ocrx_word' id='word_1_141' title='bbox 706 1829 744 1871; x_wconf 90' lang='lat' dir='ltr'><strong>ac</strong></span> <span class='ocrx_word' id='word_1_142' title='bbox 766 1806 897 1872; x_wconf 86' lang='lat' dir='ltr'><strong>factum.</strong></span> <span class='ocrx_word' id='word_1_143' title='bbox 944 1806 1082 1891; x_wconf 84' lang='lat' dir='ltr'><strong>Appius,</strong></span> 
     </span>
     <span class='ocr_line' id='line_1_20' title="bbox 65 1893 1082 1982; baseline -0.002 -22"><span class='ocrx_word' id='word_1_144' title='bbox 65 1893 232 1980; x_wconf 84' lang='lat' dir='ltr'><strong>Sequitur,</strong></span> <span class='ocrx_word' id='word_1_145' title='bbox 264 1894 386 1980; x_wconf 91' lang='lat' dir='ltr'><strong>inquit,</strong></span> <span class='ocrx_word' id='word_1_146' title='bbox 415 1898 506 1960; x_wconf 90' lang='lat' dir='ltr'><strong>actus</strong></span> <span class='ocrx_word' id='word_1_147' title='bbox 534 1896 666 1960; x_wconf 90' lang='lat' dir='ltr'><strong>secundi</strong></span> <span class='ocrx_word' id='word_1_148' title='bbox 689 1895 817 1982; x_wconf 85' lang='lat' dir='ltr'><strong>generis</strong></span> <span class='ocrx_word' id='word_1_149' title='bbox 841 1895 1017 1960; x_wconf 89' lang='lat' dir='ltr'><strong>adfictioius</strong></span> <span class='ocrx_word' id='word_1_150' title='bbox 1042 1895 1082 1959; x_wconf 92' lang='lat' dir='ltr'><strong>ad</strong></span> 
     </span>
    </p>

    <p class='ocr_par' dir='ltr' id='par_1_7' title="bbox 26 1983 1083 2423">
     <span class='ocr_line' id='line_1_21' title="bbox 26 1983 1081 2067; baseline 0 -20"><span class='ocrx_word' id='word_1_151' title='bbox 26 2005 52 2047; x_wconf 74' lang='lat' dir='ltr'><strong>ro</strong></span> <span class='ocrx_word' id='word_1_152' title='bbox 66 1983 181 2048; x_wconf 87' lang='lat' dir='ltr'><strong>villam</strong></span> <span class='ocrx_word' id='word_1_153' title='bbox 205 1983 260 2067; x_wconf 90' lang='lat' dir='ltr'><strong>qui</strong></span> <span class='ocrx_word' id='word_1_154' title='bbox 284 1984 368 2047; x_wconf 88' lang='lat' dir='ltr'><strong>solet</strong></span> <span class='ocrx_word' id='word_1_155' title='bbox 392 2005 472 2063; x_wconf 86' lang='lat' dir='ltr'><strong>esse,</strong></span> <span class='ocrx_word' id='word_1_156' title='bbox 502 2005 539 2048; x_wconf 92' lang='lat' dir='ltr'><strong>ac</strong></span> <span class='ocrx_word' id='word_1_157' title='bbox 560 1985 689 2048; x_wconf 90' lang='lat' dir='ltr'><strong>nomine</strong></span> <span class='ocrx_word' id='word_1_158' title='bbox 714 1983 821 2048; x_wconf 84' lang='lat' dir='ltr'><strong>antico</strong></span> <span class='ocrx_word' id='word_1_159' title='bbox 845 2005 865 2047; x_wconf 85' lang='lat' dir='ltr'><strong>a</strong></span> <span class='ocrx_word' id='word_1_160' title='bbox 887 1987 980 2067; x_wconf 89' lang='lat' dir='ltr'><strong>parte</strong></span> <span class='ocrx_word' id='word_1_161' title='bbox 1004 2005 1081 2067; x_wconf 89' lang='lat' dir='ltr'><strong>qua·</strong></span> 
     </span>
     <span class='ocr_line' id='line_1_22' title="bbox 65 2072 1082 2157; baseline 0 -21"><span class='ocrx_word' id='word_1_162' title='bbox 65 2072 143 2136; x_wconf 90' lang='lat' dir='ltr'><strong>dam</strong></span> <span class='ocrx_word' id='word_1_163' title='bbox 161 2072 357 2155; x_wconf 86' lang='lat' dir='ltr'><strong>leporarium</strong></span> <span class='ocrx_word' id='word_1_164' title='bbox 377 2072 586 2157; x_wconf 88' lang='lat' dir='ltr'><strong>appellatum.</strong></span> <span class='ocrx_word' id='word_1_165' title='bbox 613 2094 689 2136; x_wconf 90' lang='lat' dir='ltr'><strong>narn</strong></span> <span class='ocrx_word' id='word_1_166' title='bbox 707 2093 812 2156; x_wconf 90' lang='lat' dir='ltr'><strong>neque</strong></span> <span class='ocrx_word' id='word_1_167' title='bbox 831 2073 933 2136; x_wconf 88' lang='lat' dir='ltr'><strong>solum</strong></span> <span class='ocrx_word' id='word_1_168' title='bbox 952 2072 1082 2155; x_wconf 88' lang='lat' dir='ltr'><strong>lepores</strong></span> 
     </span>
     <span class='ocr_line' id='line_1_23' title="bbox 64 2160 1083 2246; baseline 0 -22"><span class='ocrx_word' id='word_1_169' title='bbox 64 2162 102 2226; x_wconf 79' lang='lat' dir='ltr'><strong>in</strong></span> <span class='ocrx_word' id='word_1_170' title='bbox 130 2181 168 2224; x_wconf 93' lang='lat' dir='ltr'><strong>eo</strong></span> <span class='ocrx_word' id='word_1_171' title='bbox 191 2161 399 2225; x_wconf 87' lang='lat' dir='ltr'><strong>includuntur</strong></span> <span class='ocrx_word' id='word_1_172' title='bbox 422 2161 517 2246; x_wconf 84' lang='lat' dir='ltr'><strong>silva,</strong></span> <span class='ocrx_word' id='word_1_173' title='bbox 544 2164 582 2225; x_wconf 93' lang='lat' dir='ltr'><strong>ut</strong></span> <span class='ocrx_word' id='word_1_174' title='bbox 609 2162 685 2226; x_wconf 91' lang='lat' dir='ltr'><strong>olim</strong></span> <span class='ocrx_word' id='word_1_175' title='bbox 708 2160 743 2225; x_wconf 91' lang='lat' dir='ltr'><strong>in</strong></span> <span class='ocrx_word' id='word_1_176' title='bbox 767 2162 880 2246; x_wconf 83' lang='lat' dir='ltr'><strong>iugero</strong></span> <span class='ocrx_word' id='word_1_177' title='bbox 904 2161 1003 2244; x_wconf 86' lang='lat' dir='ltr'><strong>agelli</strong></span> <span class='ocrx_word' id='word_1_178' title='bbox 1026 2165 1083 2224; x_wconf 88' lang='lat' dir='ltr'><strong>aut</strong></span> 
     </span>
     <span class='ocr_line' id='line_1_24' title="bbox 65 2249 1082 2336; baseline 0.001 -23"><span class='ocrx_word' id='word_1_179' title='bbox 65 2249 203 2334; x_wconf 88' lang='lat' dir='ltr'><strong>duobus,</strong></span> <span class='ocrx_word' id='word_1_180' title='bbox 221 2249 277 2314; x_wconf 89' lang='lat' dir='ltr'><strong>sed</strong></span> <span class='ocrx_word' id='word_1_181' title='bbox 298 2249 398 2314; x_wconf 88' lang='lat' dir='ltr'><strong>etiam</strong></span> <span class='ocrx_word' id='word_1_182' title='bbox 412 2250 497 2315; x_wconf 85' lang='lat' dir='ltr'><strong>cervi</strong></span> <span class='ocrx_word' id='word_1_183' title='bbox 513 2253 568 2314; x_wconf 91' lang='lat' dir='ltr'><strong>aut</strong></span> <span class='ocrx_word' id='word_1_184' title='bbox 583 2251 763 2333; x_wconf 88' lang='lat' dir='ltr'><strong>capreaein</strong></span> <span class='ocrx_word' id='word_1_185' title='bbox 778 2250 945 2336; x_wconf 84' lang='lat' dir='ltr'><strong>iugeribus</strong></span> <span class='ocrx_word' id='word_1_186' title='bbox 960 2250 1082 2314; x_wconf 88' lang='lat' dir='ltr'><strong>multis.</strong></span> 
     </span>
     <span class='ocr_line' id='line_1_25' title="bbox 67 2336 1082 2423; baseline 0.001 -21"><span class='ocrx_word' id='word_1_187' title='bbox 67 2336 207 2412; x_wconf 80' lang='lat' dir='ltr'><strong>Quintus</strong></span> <span class='ocrx_word' id='word_1_188' title='bbox 239 2337 372 2402; x_wconf 83' lang='lat' dir='ltr'><strong>Fulvius</strong></span> <span class='ocrx_word' id='word_1_189' title='bbox 400 2337 557 2423; x_wconf 89' lang='lat' dir='ltr'><strong>Lippinus</strong></span> <span class='ocrx_word' id='word_1_190' title='bbox 591 2338 707 2403; x_wconf 89' lang='lat' dir='ltr'><strong>dicitur</strong></span> <span class='ocrx_word' id='word_1_191' title='bbox 735 2339 856 2403; x_wconf 89' lang='lat' dir='ltr'><strong>habere</strong></span> <span class='ocrx_word' id='word_1_192' title='bbox 884 2339 918 2402; x_wconf 93' lang='lat' dir='ltr'><strong>in</strong></span> <span class='ocrx_word' id='word_1_193' title='bbox 946 2338 1082 2423; x_wconf 85' lang='lat' dir='ltr'><strong>Tarqui-</strong></span> 
     </span>
    </p>

    <p class='ocr_par' dir='ltr' id='par_1_8' title="bbox 27 2426 1111 2866">
     <span class='ocr_line' id='line_1_26' title="bbox 27 2426 1082 2512; baseline 0.003 -25"><span class='ocrx_word' id='word_1_194' title='bbox 27 2445 53 2487; x_wconf 61' lang='grc' dir='ltr'><strong><em>κ</em></strong></span> <span class='ocrx_word' id='word_1_195' title='bbox 67 2426 176 2491; x_wconf 86' lang='lat' dir='ltr'><strong>niensi</strong></span> <span class='ocrx_word' id='word_1_196' title='bbox 199 2430 313 2510; x_wconf 86' lang='lat' dir='ltr'><strong>saepta</strong></span> <span class='ocrx_word' id='word_1_197' title='bbox 336 2427 448 2511; x_wconf 86' lang='lat' dir='ltr'><strong>iugera</strong></span> <span class='ocrx_word' id='word_1_198' title='bbox 471 2427 697 2511; x_wconf 86' lang='lat' dir='ltr'><strong>quadraginta,</strong></span> <span class='ocrx_word' id='word_1_199' title='bbox 719 2428 753 2491; x_wconf 93' lang='lat' dir='ltr'><strong>in</strong></span> <span class='ocrx_word' id='word_1_200' title='bbox 777 2449 840 2512; x_wconf 91' lang='lat' dir='ltr'><strong>quo</strong></span> <span class='ocrx_word' id='word_1_201' title='bbox 865 2431 941 2491; x_wconf 89' lang='lat' dir='ltr'><strong>sunt</strong></span> <span class='ocrx_word' id='word_1_202' title='bbox 958 2428 1082 2490; x_wconf 90' lang='lat' dir='ltr'><strong>inclusa</strong></span> 
     </span>
     <span class='ocr_line' id='line_1_27' title="bbox 66 2515 1081 2600; baseline 0 -22"><span class='ocrx_word' id='word_1_203' title='bbox 66 2536 135 2579; x_wconf 93' lang='lat' dir='ltr'><strong>non</strong></span> <span class='ocrx_word' id='word_1_204' title='bbox 159 2515 265 2579; x_wconf 92' lang='lat' dir='ltr'><strong>solum</strong></span> <span class='ocrx_word' id='word_1_205' title='bbox 289 2537 327 2579; x_wconf 90' lang='lat' dir='ltr'><strong>ea</strong></span> <span class='ocrx_word' id='word_1_206' title='bbox 350 2537 432 2600; x_wconf 88' lang='lat' dir='ltr'><strong>quae</strong></span> <span class='ocrx_word' id='word_1_207' title='bbox 455 2515 534 2599; x_wconf 85' lang='lat' dir='ltr'><strong>dixi,</strong></span> <span class='ocrx_word' id='word_1_208' title='bbox 558 2515 614 2580; x_wconf 91' lang='lat' dir='ltr'><strong>sed</strong></span> <span class='ocrx_word' id='word_1_209' title='bbox 637 2516 736 2580; x_wconf 88' lang='lat' dir='ltr'><strong>etiam</strong></span> <span class='ocrx_word' id='word_1_210' title='bbox 760 2536 835 2580; x_wconf 86' lang='lat' dir='ltr'><strong>oves</strong></span> <span class='ocrx_word' id='word_1_211' title='bbox 859 2515 959 2598; x_wconf 88' lang='lat' dir='ltr'><strong>ferae,</strong></span> <span class='ocrx_word' id='word_1_212' title='bbox 983 2515 1081 2578; x_wconf 89' lang='lat' dir='ltr'><strong>eti‘am</strong></span> 
     </span>
     <span class='ocr_line' id='line_1_28' title="bbox 66 2602 1082 2689; baseline -0.002 -21"><span class='ocrx_word' id='word_1_213' title='bbox 66 2604 130 2668; x_wconf 91' lang='lat' dir='ltr'><strong>hoc</strong></span> <span class='ocrx_word' id='word_1_214' title='bbox 153 2603 258 2668; x_wconf 90' lang='lat' dir='ltr'><strong>maius</strong></span> <span class='ocrx_word' id='word_1_215' title='bbox 282 2603 335 2667; x_wconf 90' lang='lat' dir='ltr'><strong>hio</strong></span> <span class='ocrx_word' id='word_1_216' title='bbox 358 2605 393 2668; x_wconf 92' lang='lat' dir='ltr'><strong>in</strong></span> <span class='ocrx_word' id='word_1_217' title='bbox 415 2602 616 2668; x_wconf 82' lang='lat' dir='ltr'><strong>Statoniensi</strong></span> <span class='ocrx_word' id='word_1_218' title='bbox 640 2607 673 2669; x_wconf 88' lang='lat' dir='ltr'><strong>et</strong></span> <span class='ocrx_word' id='word_1_219' title='bbox 692 2604 823 2689; x_wconf 89' lang='lat' dir='ltr'><strong>quidam</strong></span> <span class='ocrx_word' id='word_1_220' title='bbox 842 2605 876 2668; x_wconf 92' lang='lat' dir='ltr'><strong>in</strong></span> <span class='ocrx_word' id='word_1_221' title='bbox 894 2605 974 2668; x_wconf 89' lang='lat' dir='ltr'><strong>locis</strong></span> <span class='ocrx_word' id='word_1_222' title='bbox 995 2603 1082 2687; x_wconf 82' lang='lat' dir='ltr'><strong>aliis3</strong></span> 
     </span>
     <span class='ocr_line' id='line_1_29' title="bbox 66 2689 1111 2777; baseline -0.001 -21"><span class='ocrx_word' id='word_1_223' title='bbox 66 2693 101 2756; x_wconf 92' lang='lat' dir='ltr'><strong>in</strong></span> <span class='ocrx_word' id='word_1_224' title='bbox 127 2689 235 2755; x_wconf 84' lang='lat' dir='ltr'><strong>Gallia</strong></span> <span class='ocrx_word' id='word_1_225' title='bbox 258 2713 335 2757; x_wconf 76' lang='lat' dir='ltr'><strong>vero</strong></span> <span class='ocrx_word' id='word_1_226' title='bbox 358 2693 563 2776; x_wconf 88' lang='lat' dir='ltr'><strong>transalpina</strong></span> <span class='ocrx_word' id='word_1_227' title='bbox 587 2691 623 2756; x_wconf 90' lang='grc' dir='ltr'><strong>Τ.</strong></span> <span class='ocrx_word' id='word_1_228' title='bbox 642 2692 815 2777; x_wconf 91' lang='lat' dir='ltr'><strong>Pompeius</strong></span> <span class='ocrx_word' id='word_1_229' title='bbox 838 2695 967 2758; x_wconf 90' lang='lat' dir='ltr'><strong>tantum</strong></span> <span class='ocrx_word' id='word_1_230' title='bbox 990 2699 1111 2776; x_wconf 82' lang='lat' dir='ltr'><strong>saep-2</strong></span> 
     </span>
     <span class='ocr_line' id='line_1_30' title="bbox 65 2780 1082 2866; baseline 0.001 -21"><span class='ocrx_word' id='word_1_231' title='bbox 65 2783 138 2845; x_wconf 85' lang='lat' dir='ltr'><strong>tum</strong></span> <span class='ocrx_word' id='word_1_232' title='bbox 161 2780 353 2863; x_wconf 83' lang='lat' dir='ltr'><strong>venationis,</strong></span> <span class='ocrx_word' id='word_1_233' title='bbox 375 2786 412 2846; x_wconf 87' lang='lat' dir='ltr'><strong>ut</strong></span> <span class='ocrx_word' id='word_1_234' title='bbox 435 2781 562 2846; x_wconf 88' lang='lat' dir='ltr'><strong>circiter</strong></span> <span class='ocrx_word' id='word_1_235' title='bbox 584 2802 624 2844; x_wconf 87' lang='lat'><strong>00</strong></span> <span class='ocrx_word' id='word_1_236' title='bbox 643 2803 683 2844; x_wconf 88' lang='lat'><strong>00</strong></span> <span class='ocrx_word' id='word_1_237' title='bbox 702 2803 742 2844; x_wconf 88' lang='lat'><strong>00</strong></span> <span class='ocrx_word' id='word_1_238' title='bbox 760 2803 800 2844; x_wconf 88' lang='lat'><strong>00</strong></span> <span class='ocrx_word' id='word_1_239' title='bbox 822 2804 955 2866; x_wconf 89' lang='lat' dir='ltr'><strong>passum</strong></span> <span class='ocrx_word' id='word_1_240' title='bbox 973 2782 1082 2846; x_wconf 92' lang='lat' dir='ltr'><strong>locum</strong></span> 
     </span>
    </p>

    <p class='ocr_par' dir='ltr' id='par_1_9' title="bbox 25 2869 1083 3132">
     <span class='ocr_line' id='line_1_31' title="bbox 25 2869 1081 2955; baseline 0.006 -27"><span class='ocrx_word' id='word_1_241' title='bbox 25 2869 228 2934; x_wconf 73' lang='lat' dir='ltr'><strong>uinclusum</strong></span> <span class='ocrx_word' id='word_1_242' title='bbox 250 2870 379 2935; x_wconf 88' lang='lat' dir='ltr'><strong>habeat.</strong></span> <span class='ocrx_word' id='word_1_243' title='bbox 424 2873 592 2954; x_wconf 91' lang='lat' dir='ltr'><strong>praeterea</strong></span> <span class='ocrx_word' id='word_1_244' title='bbox 622 2871 657 2933; x_wconf 92' lang='lat' dir='ltr'><strong>in</strong></span> <span class='ocrx_word' id='word_1_245' title='bbox 681 2871 792 2935; x_wconf 91' lang='lat' dir='ltr'><strong>eodem</strong></span> <span class='ocrx_word' id='word_1_246' title='bbox 817 2873 991 2955; x_wconf 88' lang='lat' dir='ltr'><strong>consaepto</strong></span> <span class='ocrx_word' id='word_1_247' title='bbox 1014 2870 1081 2934; x_wconf 88' lang='lat' dir='ltr'><strong>fere</strong></span> 
     </span>
     <span class='ocr_line' id='line_1_32' title="bbox 64 2957 1083 3042; baseline -0.001 -20"><span class='ocrx_word' id='word_1_248' title='bbox 64 2957 186 3022; x_wconf 86' lang='lat' dir='ltr'><strong>babere</strong></span> <span class='ocrx_word' id='word_1_249' title='bbox 211 2958 317 3022; x_wconf 89' lang='lat' dir='ltr'><strong>solent</strong></span> <span class='ocrx_word' id='word_1_250' title='bbox 341 2958 394 3041; x_wconf 88' lang='lat' dir='ltr'><strong>[de</strong></span> <span class='ocrx_word' id='word_1_251' title='bbox 417 2958 629 3039; x_wconf 86' lang='lat' dir='ltr'><strong>animalibus]</strong></span> <span class='ocrx_word' id='word_1_252' title='bbox 658 2959 809 3024; x_wconf 88' lang='lat' dir='ltr'><strong>cocliaria</strong></span> <span class='ocrx_word' id='word_1_253' title='bbox 838 2964 934 3042; x_wconf 88' lang='lat' dir='ltr'><strong>atque</strong></span> <span class='ocrx_word' id='word_1_254' title='bbox 958 2958 1083 3023; x_wconf 88' lang='lat' dir='ltr'><strong>alvaria</strong></span> 
     </span>
     <span class='ocr_line' id='line_1_33' title="bbox 66 3045 1081 3132; baseline -0.001 -21"><span class='ocrx_word' id='word_1_255' title='bbox 66 3049 164 3130; x_wconf 88' lang='lat' dir='ltr'><strong>atque</strong></span> <span class='ocrx_word' id='word_1_256' title='bbox 188 3045 286 3110; x_wconf 89' lang='lat' dir='ltr'><strong>etiam</strong></span> <span class='ocrx_word' id='word_1_257' title='bbox 310 3046 406 3132; x_wconf 90' lang='lat' dir='ltr'><strong>dolia,</strong></span> <span class='ocrx_word' id='word_1_258' title='bbox 430 3047 487 3111; x_wconf 89' lang='lat' dir='ltr'><strong>ubi</strong></span> <span class='ocrx_word' id='word_1_259' title='bbox 509 3047 651 3112; x_wconf 88' lang='lat' dir='ltr'><strong>habeant</strong></span> <span class='ocrx_word' id='word_1_260' title='bbox 674 3049 843 3112; x_wconf 87' lang='lat' dir='ltr'><strong>conclusos</strong></span> <span class='ocrx_word' id='word_1_261' title='bbox 869 3049 977 3132; x_wconf 89' lang='lat' dir='ltr'><strong>glires.</strong></span> <span class='ocrx_word' id='word_1_262' title='bbox 1024 3046 1081 3111; x_wconf 92' lang='lat' dir='ltr'><strong>sed</strong></span> 
     </span>
    </p>
   </div>
   <div class='ocr_carea' id='block_1_4' title="bbox 66 3218 1082 3346">
    <p class='ocr_par' dir='ltr' id='par_1_10' title="bbox 66 3218 1082 3346">
     <span class='ocr_line' id='line_1_34' title="bbox 157 3218 1082 3291; baseline 0 -18"><span class='ocrx_word' id='word_1_263' title='bbox 157 3218 330 3291; x_wconf 77' lang='lat' dir='ltr'><strong>&#39;lgammari</strong></span> <span class='ocrx_word' id='word_1_264' title='bbox 420 3225 455 3274; x_wconf 80' lang='lat'><strong>20</strong></span> <span class='ocrx_word' id='word_1_265' title='bbox 482 3221 597 3289; x_wconf 88' lang='lat' dir='ltr'><strong>antiquo</strong></span> <span class='ocrx_word' id='word_1_266' title='bbox 621 3221 725 3290; x_wconf 83' lang='lat' dir='ltr'><strong>(antico</strong></span> <span class='ocrx_word' id='word_1_267' title='bbox 751 3222 809 3278; x_wconf 89' lang='lat' dir='ltr'><strong>cod.</strong></span> <span class='ocrx_word' id='word_1_268' title='bbox 828 3223 908 3290; x_wconf 83' lang='lat' dir='ltr'><strong>Por.)</strong></span> <span class='ocrx_word' id='word_1_269' title='bbox 998 3226 1032 3275; x_wconf 76' lang='lat'><strong>22</strong></span> <span class='ocrx_word' id='word_1_270' title='bbox 1051 3219 1082 3273; x_wconf 90' lang='lat' dir='ltr'><strong>in</strong></span> 
     </span>
     <span class='ocr_line' id='line_1_35' title="bbox 66 3290 503 3346; baseline 0 0"><span class='ocrx_word' id='word_1_271' title='bbox 66 3295 131 3346; x_wconf 69' lang='lat' dir='ltr'><strong>arete</strong></span> <span class='ocrx_word' id='word_1_272' title='bbox 149 3307 183 3346; x_wconf 93' lang='lat' dir='ltr'><strong>eo</strong></span> <span class='ocrx_word' id='word_1_273' title='bbox 202 3307 252 3346; x_wconf 87' lang='lat' dir='ltr'><strong>om.</strong></span> <span class='ocrx_word' id='word_1_274' title='bbox 325 3296 358 3346; x_wconf 79' lang='lat'><strong>25</strong></span> <span class='ocrx_word' id='word_1_275' title='bbox 377 3290 503 3346; x_wconf 86' lang='lat' dir='ltr'><strong>inclusae</strong></span> 
     </span>
    </p>
   </div>
   <div class='ocr_carea' id='block_1_5' title="bbox 66 3427 1138 3566">
    <p class='ocr_par' dir='ltr' id='par_1_11' title="bbox 66 3427 1138 3566">
     <span class='ocr_line' id='line_1_36' title="bbox 158 3427 1116 3507; baseline -0.008 -18"><span class='ocrx_word' id='word_1_276' title='bbox 158 3441 174 3489; x_wconf 83' lang='lat'><strong>6</strong></span> <span class='ocrx_word' id='word_1_277' title='bbox 192 3449 264 3489; x_wconf 86' lang='lat' dir='ltr'><strong>uvae</strong></span> <span class='ocrx_word' id='word_1_278' title='bbox 283 3433 381 3488; x_wconf 77' lang='lat' dir='ltr'><strong>delevit</strong></span> <span class='ocrx_word' id='word_1_279' title='bbox 398 3433 554 3491; x_wconf 70' lang='lat' dir='ltr'><strong>Pontedera</strong></span> <span class='ocrx_word' id='word_1_280' title='bbox 568 3450 600 3507; x_wconf 86' lang='lat' dir='ltr'><strong>p.</strong></span> <span class='ocrx_word' id='word_1_281' title='bbox 615 3438 671 3492; x_wconf 80' lang='lat'><strong>454</strong></span> <span class='ocrx_word' id='word_1_282' title='bbox 761 3440 802 3489; x_wconf 68' lang='lat' dir='ltr'><strong>‘tn</strong></span> <span class='ocrx_word' id='word_1_283' title='bbox 824 3432 864 3486; x_wconf 82' lang='lat' dir='ltr'><strong>&#39;m</strong></span> <span class='ocrx_word' id='word_1_284' title='bbox 885 3449 922 3486; x_wconf 80' lang='lat' dir='ltr'><strong>eo</strong></span> <span class='ocrx_word' id='word_1_285' title='bbox 949 3431 1015 3484; x_wconf 75' lang='lat' dir='ltr'><strong>cod.</strong></span> <span class='ocrx_word' id='word_1_286' title='bbox 1034 3427 1116 3476; x_wconf 68' lang='lat' dir='ltr'><strong>Por-</strong></span> 
     </span>
     <span class='ocr_line' id='line_1_37' title="bbox 66 3496 1138 3566; baseline -0.015 -8"><span class='ocrx_word' id='word_1_287' title='bbox 66 3509 100 3558; x_wconf 74' lang='lat'><strong>25</strong></span> <span class='ocrx_word' id='word_1_288' title='bbox 125 3503 234 3558; x_wconf 84' lang='lat' dir='ltr'><strong>inclusa</strong></span> <span class='ocrx_word' id='word_1_289' title='bbox 257 3504 406 3561; x_wconf 65' lang='lat' dir='ltr'><strong>Iucundum</strong></span> <span class='ocrx_word' id='word_1_290' title='bbox 499 3513 535 3564; x_wconf 84' lang='grc'><strong>31</strong></span> <span class='ocrx_word' id='word_1_291' title='bbox 566 3509 603 3566; x_wconf 90' lang='lat' dir='ltr'><strong>de</strong></span> <span class='ocrx_word' id='word_1_292' title='bbox 634 3507 820 3565; x_wconf 74' lang='lat' dir='ltr'><strong>animalibus</strong></span> <span class='ocrx_word' id='word_1_293' title='bbox 838 3502 964 3560; x_wconf 65' lang='lat' dir='ltr'><strong>audaste</strong></span> <span class='ocrx_word' id='word_1_294' title='bbox 984 3496 1138 3548; x_wconf 67' lang='lat' dir='ltr'><strong>uesanos</strong></span> 
     </span>
    </p>
   </div>
   <div class='ocr_carea' id='block_1_6' title="bbox 0 0 1200 3742">
    <p class='ocr_par' dir='ltr' id='par_1_12' title="bbox 0 0 1200 3742">
     <span class='ocr_line' id='line_1_38' title="bbox 0 0 1200 3742; baseline 0 0"><span class='ocrx_word' id='word_1_295' title='bbox 0 0 1200 3742; x_wconf 95' lang='lat' dir='ltr'><strong> </strong></span> 
     </span>
    </p>
   </div>
  </div>
 </body>
</html>
