2386 3742
128 133 172 198 40
538 130 726 186 VARRONIS

129 299 209 363 goso
243 277 329 341 enim
362 276 443 340 haec
472 296 510 339 ac
539 275 662 340 difficili
693 275 874 340 valentiora
905 273 1086 358 parandum
1115 278 1146 338 et

128 362 249 451 potius
266 387 304 428 ea
331 385 413 449 quae
438 386 495 447 per
518 386 552 428 se
575 365 717 428 fructum
744 364 876 428 reddere
904 364 1045 447 possint,
1073 384 1146 428 cum

128 455 213 520 idem
238 453 346 536 operis
369 454 504 517 faciant.
577 469 579 472 ·

83 559 149 613 XXI
218 541 323 607 (lanes
341 542 452 623 potius
467 563 541 605 eum
556 541 715 625 dignitate
734 544 767 605 et
781 563 870 605 acres
887 561 1007 624 paucos
1022 539 1146 604 haben·

125 633 205 696 dum
234 653 330 714 quam
360 631 494 713 multos,
523 651 604 713 quos
635 630 855 694 consuefacias
884 628 1024 711 [potius]
1045 633 1177 693 noctus

129 720 266 805 vigilare
297 724 328 782 et
368 719 506 782 interdiu
540 719 666 782 clausos
698 719 849 783 dormire.
904 717 942 780 de
974 717 1145 782 indomitis

129 808 381 893 quadripedibus
406 829 443 871 ao
472 828 588 889 pecore
610 806 808 871 faciendum:
837 807 866 870 si
893 809 986 889 prata
1013 805 1146 869 suntin

129 897 229 962 fundo
253 918 358 980 neque
382 917 480 978 pecus
499 896 609 979 habet,
633 896 737 959 danda
756 917 855 979 opera
874 898 911 958 ut
929 894 1050 977 pabulo
1071 909 1145 958 ven-

130 987 197 1050 dito
222 985 363 1049 alienum
384 1006 481 1067 pecus
501 985 535 1046 in
559 1005 617 1048 suo
640 984 739 1048 fundo
763 987 877 1067 paseat
900 1005 938 1047 ac
961 982 1117 1048 stabulet.

74 1089 152 1144 XXII
219 1073 269 1138 De
297 1072 422 1156 reliquo
446 1073 663 1136 instrumento
692 1077 796 1153 muto,
826 1073 860 1136 in
889 1093 952 1154 quo
977 1075 1054 1134 sunt
1077 1091 1178 1135 cor-u

130 1163 240 1245 bulae,
263 1161 364 1246 dolia,
392 1160 439 1225 sie
462 1161 541 1243 alia,
566 1161 647 1225 haec
670 1160 905 1245 praecipienda.
951 1181 1033 1243 quae
1055 1159 1147 1224 nasci

129 1254 164 1314 in
188 1250 288 1314 fundo
313 1272 350 1313 ac
374 1249 444 1313 fieri
466 1272 485 1313 a
504 1249 688 1314 domesticis
706 1253 870 1333 poterunt,
894 1270 1007 1312 eorum
1025 1247 1148 1333 nequid

130 1344 270 1422 ematur,
299 1342 336 1402 ut
362 1337 429 1407 fere
457 1341 534 1402 sunt
561 1360 643 1421 quae
672 1359 710 1401 ex
742 1338 918 1402 viminibus
947 1339 980 1400 ct
1008 1336 1147 1402 materia

128 1429 250 1492 rustica
278 1427 376 1508 fiunt,
404 1430 442 1491 ut
470 1428 597 1510 corbes,
626 1426 774 1504 fiscinae,
806 1426 940 1502 tribula,
973 1426 1076 1507 valli,
1095 1446 1147 1489 ra-

129 1516 230 1598 stelli3
259 1516 305 1579 sic
333 1536 415 1597 quae
437 1515 521 1578 fiunt
550 1514 589 1578 de
612 1516 764 1596 cannabi,
793 1516 869 1598 lino,
898 1515 1003 1597 iunco,
1026 1514 1181 1596 palmo,u

100 1605 251 1688 Iseirpc,
279 1606 318 1666 ut
339 1603 441 1687 funes,
464 1608 580 1686 restes,
607 1606 742 1688 tegetes.
789 1624 875 1686 quae
895 1625 912 1667 a
935 1602 1036 1667 fundo
1061 1601 1148 1666 sumi

128 1714 195 1757 non
218 1696 380 1775 poterunt,
405 1714 442 1756 ea
466 1693 495 1756 si
519 1696 628 1774 empta
652 1697 745 1755 erunt
767 1693 878 1774 potius
903 1691 944 1754 ad
969 1691 1148 1756 utilitatem

129 1803 227 1866 quam
251 1781 292 1845 ob
316 1780 469 1864 speciem,
501 1784 632 1864 sumptu
660 1781 800 1845 fructum
823 1802 889 1845 non
913 1779 1147 1862 extenuabunt3

129 1892 167 1935 eo
192 1870 306 1953 magis,
334 1868 458 1932 siinde
482 1874 592 1953 empta
615 1873 710 1933 erunt
732 1869 949 1952 potissimum,
972 1867 1029 1932 ubi
1052 1888 1092 1931 ca
1116 1871 1149 1931 et

129 1959 216 2023 bona
248 1963 281 2022 et
314 1957 460 2040 proxime
494 1962 527 2023 et
559 1957 718 2021 vilissimo
751 1957 815 2021 emi
848 1961 1009 2040 poterunt.
1055 1955 1147 2020 ouius
1161 1975 1184 2016 so

17 2081 24 2094 ae
129 2047 336 2111 instrumenti
360 2046 451 2110 varia
469 2046 657 2109 discrimina
674 2067 712 2110 ac
737 2046 911 2110 multitudo
932 2045 1003 2129 agri
1022 2044 1148 2128 magni-

130 2135 240 2200 tudine
264 2135 390 2217 finitur,
413 2134 498 2217 quod
521 2135 616 2217 plura
638 2156 720 2217 opus
744 2139 834 2218 sunt,
865 2134 893 2198 si
917 2133 998 2198 fines
1022 2133 1151 2197 distant

101 2225 206 2289 3late.
242 2223 369 2306 Itaque,
389 2220 480 2286 Stolo
498 2222 613 2306 iuquit,
632 2225 801 2306 proposita
815 2222 1040 2306 magnitudine
1053 2219 1150 2286 fundi

131 2313 170 2376 de
199 2333 235 2375 eo
269 2332 387 2394 genere
415 2308 496 2374 Cato
532 2311 659 2395 scribit,
693 2312 804 2376 oliveti
834 2313 948 2396 iugera
972 2327 1062 2375 coxa
1093 2310 1164 2392 qui.

131 2401 266 2482 coleret,
295 2421 368 2463 eum
395 2399 555 2463 instruere
585 2400 633 2464 ita
660 2403 823 2484 oportere,
857 2406 894 2463 ut
919 2400 1041 2463 faceret
1068 2417 1186 2463 vasau

132 2489 255 2554 olearia
278 2489 356 2572 iuga
378 2489 535 2572 quinque,
564 2510 646 2572 quae
670 2488 877 2552 membratim
902 2490 1083 2567 enumerat,
1111 2489 1152 2551 ut

132 2600 171 2642 ex
194 2599 267 2642 aare
292 2577 427 2661 ahenea,
451 2599 579 2659 urceos,
601 2577 832 2660 nassiternam,
855 2577 933 2640 item
956 2575 1036 2640 alia:
1060 2575 1107 2640 sic
1133 2597 1150 2639 a

132 2667 222 2751 ligno
247 2669 280 2730 et
302 2667 398 2749 ferro,
421 2668 459 2729 ut
481 2666 607 2747 plostra
630 2665 757 2730 maiora
775 2665 848 2747 tria,
872 2668 981 2729 aratra
999 2685 1072 2729 eum
1093 2684 1151 2728 vo·

132 2756 274 2819 meribus
303 2776 372 2837 sex,
401 2757 505 2819 crates
535 2754 745 2818 stercorarias
768 2757 942 2838 quattuor,
967 2753 1045 2816 item
1071 2751 1150 2816 alia:

133 2844 180 2908 sic
204 2845 242 2907 de
265 2843 471 2907 ferramentis
491 2864 572 2926 quae
596 2842 664 2905 sint
687 2846 720 2906 et
738 2865 803 2926 qua
826 2864 907 2926 opus
931 2840 1186 2921 multitudinum

132 2936 169 2996 ut
193 2932 312 2996 ferreas
333 2935 416 3013 oct0,
440 2931 568 2994 sarcula
590 2931 737 3012 totidem,
761 2931 895 2994 dimidio
915 2930 1021 2994 minus
1045 2930 1150 3013 palas,

101 3021 211 3086 4item
235 3022 308 3085 alia.
354 3020 433 3083 item
457 3020 590 3083 alteram
621 3019 799 3084 formulam
824 3018 1033 3083 instrumenti
1055 3017 1151 3081 fundi

133 3111 250 3174 vinarii
268 3109 364 3190 tecit,
387 3109 422 3172 in
446 3104 660 3190 quascribit,
684 3108 711 3172 si
735 3107 778 3173 sit
801 3125 821 3173 c
844 3109 1002 3193 iugerum,
1025 3106 1149 3172 habere

131 3251 345 3264 ,.-..-..-.-

223 3342 256 3390 14
274 3333 355 3405 ualli]
378 3332 458 3388 malli
541 3339 573 3388 15
594 3335 715 3389 cannabi
734 3333 844 3403 (canabi
863 3336 969 3405 apocr.)
1052 3338 1088 3388 23
1107 3333 1149 3389 in·

117 3406 192 3469 quid
263 3411 301 3460 29
317 3422 370 3460 sex
388 3425 410 3461 s.
432 3406 526 3461 crates
599 3412 634 3461 30
652 3405 729 3475 quod
746 3422 818 3476 opus
837 3403 1070 3460 multitudinem
