2386 3742
276 121 406 177 RERVM
424 121 660 177 Rv‘s'nolnvn
677 121 744 178 LIB.
758 121 799 175 ΙΙΙ
814 128 847 176 16
1011 124 1074 187 157

60 288 144 352 quae
168 266 307 331 maxime
331 269 484 332 secuntur
506 288 592 350 apes.
634 289 672 331 ea
695 271 772 332 sunt
794 289 878 347 rosa,
901 269 1076 354 serpyllon,

61 357 253 439 apiastrum,
275 377 427 440 papaver,
450 355 534 438 faba,
558 355 637 440 lens,
660 355 781 440 pisum,
804 357 960 441 ocimum,
984 378 1076 441 cype-

59 466 142 527 rum,
166 444 296 528 medice,
319 445 458 508 maxime
482 444 637 529 cytisum,
660 444 744 527 quod
767 446 871 510 minoe
893 447 1076 511 valentibus

60 532 272 598 utilissimum
296 536 354 597 est.
400 532 519 596 etenim
549 532 590 597 ab
615 533 817 616 aequinoctio
841 555 940 599 verno
962 534 1076 599 florere

34 621 177 705 sincipit
200 625 233 686 et
256 623 425 703 permanet
447 621 488 685 ad
511 621 652 685 alterum
676 622 916 706 aequinoctium
936 625 1077 704 [autum-

58 711 163 789 numl.
216 710 271 774 sed
300 715 336 773 ut
362 709 425 773 hoo
454 710 660 793 aptissimum
688 710 730 774 ad
757 711 931 776 sanitatem
959 713 1077 797 apium,
1088 721 1130 777 14

59 799 107 863 sic
131 798 173 862 ad
196 798 392 863 mellifioium
417 797 575 881 thymum.
611 802 746 882 propter
767 799 829 863 hoo
849 797 993 864 Siculum
1013 801 1077 864 mel

59 887 125 952 fert
151 887 310 969 palmam,
339 886 426 971 quod
452 887 498 951 ibi
525 887 674 970 thymum
698 888 819 952 bonum
842 888 993 973 frequens
1017 892 1076 953 est.

59 976 172 1059 itaque
196 975 328 1058 quidam
350 975 501 1057 thymum
524 974 726 1041 contundunt
748 977 782 1039 in
805 976 873 1059 pila
897 979 929 1040 et
947 976 1075 1041 diluunt

14 1086 46 1125 10
59 1064 95 1128 in
119 1063 347 1147 aquatepida:
377 1084 414 1128 eo
439 1068 658 1147 conspergunt
680 1065 788 1128 omnia
812 1065 985 1129 seminaria
1003 1087 1077 1130 con·

61 1153 127 1217 sita
151 1152 262 1235 apium
281 1173 386 1216 cauea.
415 1152 500 1236 quod
524 1153 564 1217 ed
587 1153 695 1217 locum
717 1152 866 1236 pertinet,
889 1153 950 1218 hoo
973 1173 1076 1238 genus
1089 1162 1129 1220 15

59 1241 268 1325 potissimum
296 1241 478 1324 eligendum
505 1241 596 1305 iuxta
618 1240 743 1326 villam,
771 1263 836 1306 non
867 1263 929 1326 quo
952 1243 1076 1307 nonin

61 1329 160 1394 villae
187 1329 315 1412 porticu
343 1351 470 1414 quoque
498 1330 645 1414 quidam,
677 1351 739 1413 quo
768 1332 870 1395 tutius
899 1335 998 1415 esset,
1031 1332 1077 1396 al·

60 1418 187 1482 varium
211 1417 409 1483 collocarint.
438 1417 495 1482 ubi
516 1419 590 1501 sint,
614 1418 669 1482 alii
691 1419 817 1483 faciunt
840 1440 878 1482 ex
901 1419 1076 1495 viminibus

21 1526 48 1569 re
62 1506 231 1585 rutundas,
264 1506 319 1570 alii
352 1528 369 1570 e
400 1506 491 1591 ligno
525 1527 562 1570 ao
594 1506 778 1591 corticibus,
810 1505 866 1570 alii
893 1529 932 1571 ex
962 1508 1076 1573 arbore

61 1617 151 1676 cava,
175 1595 233 1659 alii
254 1594 385 1674 fictiles,
408 1595 465 1658 alii
488 1596 587 1658 etiam
611 1616 649 1658 ex
671 1595 783 1660 ferulis
807 1594 983 1679 quadratas
1008 1597 1076 1660 lon-

60 1704 121 1768 gas
149 1683 247 1767 pedes
276 1683 404 1748 circiter
431 1687 556 1762 ternos,
583 1684 669 1748 latas
697 1682 824 1767 pedem,
853 1684 909 1748 sed
932 1684 993 1766 ita,
1021 1684 1079 1749 ubi

61 1793 178 1856 parum
203 1774 279 1836 sunt
302 1793 383 1855 quae
410 1772 596 1857 conpleant,
627 1776 664 1836 ut
688 1793 743 1836 eas
767 1776 1013 1856 conangustent,
1046 1774 1079 1838 in

61 1863 156 1925 vasto
180 1859 252 1925 loco
277 1861 365 1924 inani
384 1880 423 1925 rte
441 1860 662 1943 despondeant
681 1860 833 1926 animum.
871 1861 952 1926 haec
972 1863 1081 1927 omnia

23 1969 49 2013 eo
62 1953 182 2014 vocant
215 1971 234 2012 a
263 1949 369 2012 mellis
401 1949 555 2014 alimonio
586 1950 690 2032 alvos,
723 1971 802 2034 quas
830 1949 902 2014 ideo
931 1950 1081 2015 videntur

65 2036 189 2102 medias
228 2039 334 2102 facere
371 2037 635 2121 angustissimas,
672 2042 710 2103 ut
740 2037 879 2122 figuram
911 2037 1093 2107 imitentur.

64 2147 184 2191 earum.
230 2125 338 2190 vitiles
368 2126 445 2190 fimo
474 2125 597 2191 bubulo
627 2127 779 2191 oblinunt
806 2126 894 2190 intus
924 2129 957 2189 et
980 2131 1132 2212 extra,16

63 2235 104 2279 ne
128 2214 303 2298 asperitate
331 2213 588 2299 absterreantur,
626 2236 744 2299 easque
773 2214 864 2280 alvos
893 2213 941 2278 ita
969 2216 1079 2281 conlo-

64 2305 141 2368 cant
167 2303 202 2367 in
230 2302 366 2366 mutulie
394 2304 539 2387 parietis,
566 2306 603 2367 ut
630 2326 671 2368 ne
700 2304 865 2387 agitentur
891 2324 971 2368 neve
994 2305 1080 2369 inter

21 2411 50 2454 ss
64 2413 99 2456 se
122 2391 326 2474 contingant,
349 2413 421 2456 cum
446 2391 479 2455 in
503 2392 646 2456 ordinem
667 2393 734 2457 sint
751 2392 885 2475 positae.
913 2393 960 2456 sic
981 2393 1080 2457 inter·

63 2480 150 2545 vallo
187 2479 384 2562 interposito
417 2479 554 2544 alterum
586 2483 619 2544 et
652 2480 785 2545 tertium
817 2480 963 2544 ordinem
995 2481 1080 2545 infra

63 2568 188 2634 faciunt
211 2573 244 2632 et
267 2568 359 2631 aiunt
377 2567 487 2650 potius
505 2567 582 2633 hinc
602 2568 687 2632 demi
706 2573 866 2653 oportere,
889 2590 986 2653 quam
1005 2570 1080 2634 addi

64 2661 225 2741 quartum.
263 2656 370 2720 media
388 2656 470 2740 alvo,
494 2656 555 2738 [in]
575 2678 640 2742 qua
658 2657 824 2721 introeant
842 2678 933 2740 apes,
956 2657 1082 2723 faciunt

64 2746 227 2810 foramina
253 2766 354 2828 parva
382 2744 495 2809 dextra
522 2767 560 2810 ao
583 2745 725 2810 sinistre.
772 2745 811 2809 ad
835 2749 989 2830 extrema,
1017 2758 1134 2831 qua17

25 2854 54 2896 eo
67 2833 209 2899 mellarii
244 2832 356 2899 favum
389 2834 527 2898 eximere
554 2834 702 2918 possint,
739 2835 890 2918 opercula
921 2836 1083 2919 inponunt

69 2922 161 2988 alvis.
197 2921 337 3005 optimae
355 2922 438 2987 fiunt
456 2923 623 3007 corticeae,
642 2923 834 2989 deterrimae
852 2923 976 3006 fictiles,
997 2925 1083 3007 quod

158 3095 328 3166 leerpillon
372 3096 517 3165 teipsum
535 3095 662 3151 medicae
707 3097 884 3166 3eythisum
920 3095 1012 3150 minue
1031 3113 1082 3153 om.

69 3172 103 3292 ἐξ
123 3166 390 3307 pgppplttaluariam
418 3167 590 3222 collocarent
661 3173 694 3222 17
718 3167 779 3238 ubi]
804 3167 847 3221 uti
921 3173 954 3222 19
977 3183 1081 3223 neom.

158 3403 174 3451 2
203 3415 335 3468 cyperum
368 3397 516 3453 Iommdue
605 3403 621 3452 3
649 3396 743 3452 minus
773 3395 942 3452 ualentibus
968 3397 1097 3449 (lestans

70 3474 105 3523 14
124 3468 320 3524 collocarinto
393 3472 428 3524 28
446 3469 476 3524 in
495 3470 613 3529 inclusit
634 3469 824 3528 Sclucetdcrus
903 3472 944 3521 ‘au
959 3462 1118 3531 pessmus
