<?xml version="1.0" encoding="UTF-8"?>
<!DOCTYPE html PUBLIC "-//W3C//DTD XHTML 1.0 Transitional//EN"
    "http://www.w3.org/TR/xhtml1/DTD/xhtml1-transitional.dtd">
<html xmlns="http://www.w3.org/1999/xhtml" xml:lang="en" lang="en">
 <head>
  <title>
</title>
<meta http-equiv="Content-Type" content="text/html;charset=utf-8" />
  <meta name='ocr-system' content='tesseract 3.04.00' />
  <meta name='ocr-capabilities' content='ocr_page ocr_carea ocr_par ocr_line ocrx_word'/>
</head>
<body>
  <div class='ocr_page' id='page_1' title='image "./mterentivarroni01varrgoog/mterentivarroni01varrgoog_0023.png"; bbox 0 0 2386 3742; ppageno 0'>
   <div class='ocr_carea' id='block_1_1' title="bbox 129 125 733 190">
    <p class='ocr_par' dir='ltr' id='par_1_1' title="bbox 129 125 733 190">
     <span class='ocr_line' id='line_1_1' title="bbox 129 125 733 190; baseline -0.002 -9"><span class='ocrx_word' id='word_1_1' title='bbox 129 125 150 190; x_wconf 86' lang='lat'>8</span> <span class='ocrx_word' id='word_1_2' title='bbox 544 125 733 181; x_wconf 83' lang='lat' dir='ltr'><strong>VARRONIS</strong></span> 
     </span>
    </p>
   </div>
   <div class='ocr_carea' id='block_1_2' title="bbox 45 270 1187 3099">
    <p class='ocr_par' dir='ltr' id='par_1_2' title="bbox 45 270 1187 3099">
     <span class='ocr_line' id='line_1_2' title="bbox 130 270 1147 352; baseline 0 -16"><span class='ocrx_word' id='word_1_3' title='bbox 130 271 172 336; x_wconf 87' lang='lat' dir='ltr'>ad</span> <span class='ocrx_word' id='word_1_4' title='bbox 199 271 306 336; x_wconf 88' lang='lat' dir='ltr'>forum</span> <span class='ocrx_word' id='word_1_5' title='bbox 335 272 467 335; x_wconf 88' lang='lat' dir='ltr'>auratae</span> <span class='ocrx_word' id='word_1_6' title='bbox 495 273 598 352; x_wconf 88' lang='lat' dir='ltr'>stant,</span> <span class='ocrx_word' id='word_1_7' title='bbox 626 292 682 334; x_wconf 85' lang='lat' dir='ltr'>sex</span> <span class='ocrx_word' id='word_1_8' title='bbox 709 293 814 336; x_wconf 90' lang='lat' dir='ltr'>mares</span> <span class='ocrx_word' id='word_1_9' title='bbox 842 274 876 335; x_wconf 90' lang='lat' dir='ltr'>et</span> <span class='ocrx_word' id='word_1_10' title='bbox 901 270 1041 337; x_wconf 86' lang='lat' dir='ltr'>feminae</span> <span class='ocrx_word' id='word_1_11' title='bbox 1064 273 1147 336; x_wconf 91' lang='lat' dir='ltr'>toti-</span> 
     </span>
     <span class='ocr_line' id='line_1_3' title="bbox 130 358 1146 444; baseline 0.001 -21"><span class='ocrx_word' id='word_1_12' title='bbox 130 358 214 442; x_wconf 90' lang='lat' dir='ltr'>dem,</span> <span class='ocrx_word' id='word_1_13' title='bbox 233 361 288 424; x_wconf 87' lang='lat' dir='ltr'>sed</span> <span class='ocrx_word' id='word_1_14' title='bbox 307 359 381 424; x_wconf 93' lang='lat' dir='ltr'>illo&#39;s</span> <span class='ocrx_word' id='word_1_15' title='bbox 400 377 451 422; x_wconf 78' lang='grc' dir='ltr'>ΧΠ</span> <span class='ocrx_word' id='word_1_16' title='bbox 470 358 557 441; x_wconf 88' lang='lat' dir='ltr'>deos,</span> <span class='ocrx_word' id='word_1_17' title='bbox 577 359 633 442; x_wconf 90' lang='lat' dir='ltr'>qui</span> <span class='ocrx_word' id='word_1_18' title='bbox 651 359 790 424; x_wconf 85' lang='lat' dir='ltr'>maxime</span> <span class='ocrx_word' id='word_1_19' title='bbox 810 360 1026 444; x_wconf 81' lang='lat' dir='ltr'>agricolarum</span> <span class='ocrx_word' id='word_1_20' title='bbox 1047 361 1146 425; x_wconf 86' lang='lat' dir='ltr'>duces</span> 
     </span>
     <span class='ocr_line' id='line_1_4' title="bbox 97 447 1144 533; baseline 0.001 -20"><span class='ocrx_word' id='word_1_21' title='bbox 97 452 216 515; x_wconf 77' lang='lat' dir='ltr'>bsunt.</span> <span class='ocrx_word' id='word_1_22' title='bbox 261 448 411 532; x_wconf 91' lang='lat' dir='ltr'>primum,</span> <span class='ocrx_word' id='word_1_23' title='bbox 435 448 490 531; x_wconf 93' lang='lat' dir='ltr'>qui</span> <span class='ocrx_word' id='word_1_24' title='bbox 513 447 618 511; x_wconf 91' lang='lat' dir='ltr'>omnis</span> <span class='ocrx_word' id='word_1_25' title='bbox 640 447 763 512; x_wconf 86' lang='lat' dir='ltr'>fructos</span> <span class='ocrx_word' id='word_1_26' title='bbox 790 449 860 533; x_wconf 91' lang='lat' dir='ltr'>agri</span> <span class='ocrx_word' id='word_1_27' title='bbox 884 450 1029 513; x_wconf 89' lang='lat' dir='ltr'>culturae</span> <span class='ocrx_word' id='word_1_28' title='bbox 1053 451 1144 514; x_wconf 85' lang='lat' dir='ltr'>caelo</span> 
     </span>
     <span class='ocr_line' id='line_1_5' title="bbox 131 535 1144 622; baseline 0 -22"><span class='ocrx_word' id='word_1_29' title='bbox 131 540 164 600; x_wconf 89' lang='lat' dir='ltr'>ct</span> <span class='ocrx_word' id='word_1_30' title='bbox 183 541 270 601; x_wconf 92' lang='lat' dir='ltr'>terra</span> <span class='ocrx_word' id='word_1_31' title='bbox 294 536 472 618; x_wconf 76' lang='lat' dir='ltr'>continent,</span> <span class='ocrx_word' id='word_1_32' title='bbox 494 535 605 601; x_wconf 90' lang='lat' dir='ltr'>Iovem</span> <span class='ocrx_word' id='word_1_33' title='bbox 624 539 657 600; x_wconf 90' lang='lat' dir='ltr'>et</span> <span class='ocrx_word' id='word_1_34' title='bbox 675 536 860 601; x_wconf 76' lang='lat' dir='ltr'>Telluremz·</span> <span class='ocrx_word' id='word_1_35' title='bbox 872 536 991 621; x_wconf 90' lang='lat' dir='ltr'>itaque,</span> <span class='ocrx_word' id='word_1_36' title='bbox 1014 538 1100 622; x_wconf 89' lang='lat' dir='ltr'>quod</span> <span class='ocrx_word' id='word_1_37' title='bbox 1120 538 1144 600; x_wconf 89' lang='lat' dir='ltr'>ii</span> 
     </span>
     <span class='ocr_line' id='line_1_6' title="bbox 129 623 1183 711; baseline 0.001 -22"><span class='ocrx_word' id='word_1_38' title='bbox 129 629 295 709; x_wconf 88' lang='lat' dir='ltr'>parentes,</span> <span class='ocrx_word' id='word_1_39' title='bbox 323 624 434 708; x_wconf 90' lang='lat' dir='ltr'>magni</span> <span class='ocrx_word' id='word_1_40' title='bbox 462 624 626 708; x_wconf 88' lang='lat' dir='ltr'>dicuntur,</span> <span class='ocrx_word' id='word_1_41' title='bbox 654 623 801 708; x_wconf 89' lang='lat' dir='ltr'>Iuppiter</span> <span class='ocrx_word' id='word_1_42' title='bbox 828 629 920 709; x_wconf 89' lang='lat' dir='ltr'>pater</span> <span class='ocrx_word' id='word_1_43' title='bbox 950 627 1144 711; x_wconf 87' lang='lat' dir='ltr'>appellatur,</span> <span class='ocrx_word' id='word_1_44' title='bbox 1171 651 1183 690; x_wconf 85' lang='lat'>5</span> 
     </span>
     <span class='ocr_line' id='line_1_7' title="bbox 130 712 1144 798; baseline 0 -21"><span class='ocrx_word' id='word_1_45' title='bbox 130 713 242 778; x_wconf 84' lang='lat' dir='ltr'>Tellus</span> <span class='ocrx_word' id='word_1_46' title='bbox 261 718 349 778; x_wconf 88' lang='lat' dir='ltr'>terra</span> <span class='ocrx_word' id='word_1_47' title='bbox 368 716 480 777; x_wconf 87' lang='lat' dir='ltr'>mater.</span> <span class='ocrx_word' id='word_1_48' title='bbox 517 713 656 777; x_wconf 86' lang='lat' dir='ltr'>secundo</span> <span class='ocrx_word' id='word_1_49' title='bbox 677 712 785 778; x_wconf 81' lang='lat' dir='ltr'>Solem</span> <span class='ocrx_word' id='word_1_50' title='bbox 805 718 838 779; x_wconf 89' lang='lat' dir='ltr'>et</span> <span class='ocrx_word' id='word_1_51' title='bbox 851 713 985 798; x_wconf 85' lang='lat' dir='ltr'>Lunam,</span> <span class='ocrx_word' id='word_1_52' title='bbox 1005 737 1144 798; x_wconf 92' lang='lat' dir='ltr'>quorum</span> 
     </span>
     <span class='ocr_line' id='line_1_8' title="bbox 129 800 1145 888; baseline 0.001 -22"><span class='ocrx_word' id='word_1_53' title='bbox 129 805 278 888; x_wconf 87' lang='lat' dir='ltr'>tempora</span> <span class='ocrx_word' id='word_1_54' title='bbox 301 803 526 884; x_wconf 68' lang='lat' dir='ltr'>observantur,</span> <span class='ocrx_word' id='word_1_55' title='bbox 555 824 629 866; x_wconf 92' lang='lat' dir='ltr'>cum</span> <span class='ocrx_word' id='word_1_56' title='bbox 653 800 809 884; x_wconf 89' lang='lat' dir='ltr'>quaedam</span> <span class='ocrx_word' id='word_1_57' title='bbox 838 806 989 867; x_wconf 88' lang='lat' dir='ltr'>seruntur</span> <span class='ocrx_word' id='word_1_58' title='bbox 1013 807 1045 868; x_wconf 91' lang='lat' dir='ltr'>et</span> <span class='ocrx_word' id='word_1_59' title='bbox 1069 825 1145 868; x_wconf 92' lang='lat' dir='ltr'>con·</span> 
     </span>
     <span class='ocr_line' id='line_1_9' title="bbox 130 887 1143 973; baseline 0.001 -18"><span class='ocrx_word' id='word_1_60' title='bbox 130 890 260 956; x_wconf 89' lang='lat' dir='ltr'>duntur.</span> <span class='ocrx_word' id='word_1_61' title='bbox 288 892 386 955; x_wconf 90' lang='lat' dir='ltr'>tertio</span> <span class='ocrx_word' id='word_1_62' title='bbox 402 887 551 955; x_wconf 81' lang='lat' dir='ltr'>Cererem</span> <span class='ocrx_word' id='word_1_63' title='bbox 565 894 598 954; x_wconf 88' lang='lat' dir='ltr'>et</span> <span class='ocrx_word' id='word_1_64' title='bbox 611 890 773 970; x_wconf 86' lang='lat' dir='ltr'>Liberum,</span> <span class='ocrx_word' id='word_1_65' title='bbox 788 892 872 973; x_wconf 89' lang='lat' dir='ltr'>quod</span> <span class='ocrx_word' id='word_1_66' title='bbox 887 892 1003 955; x_wconf 91' lang='lat' dir='ltr'>horum</span> <span class='ocrx_word' id='word_1_67' title='bbox 1017 891 1143 956; x_wconf 88' lang='lat' dir='ltr'>fructus</span> 
     </span>
     <span class='ocr_line' id='line_1_10' title="bbox 129 978 1144 1044; baseline 0.001 -1"><span class='ocrx_word' id='word_1_68' title='bbox 129 979 269 1044; x_wconf 86' lang='lat' dir='ltr'>maxime</span> <span class='ocrx_word' id='word_1_69' title='bbox 301 978 464 1044; x_wconf 84' lang='lat' dir='ltr'>necessari</span> <span class='ocrx_word' id='word_1_70' title='bbox 492 978 532 1042; x_wconf 85' lang='lat' dir='ltr'>ad</span> <span class='ocrx_word' id='word_1_71' title='bbox 559 979 695 1043; x_wconf 87' lang='lat' dir='ltr'>victum:</span> <span class='ocrx_word' id='word_1_72' title='bbox 726 980 767 1043; x_wconf 89' lang='lat' dir='ltr'>ab</span> <span class='ocrx_word' id='word_1_73' title='bbox 795 979 848 1043; x_wconf 89' lang='lat' dir='ltr'>his</span> <span class='ocrx_word' id='word_1_74' title='bbox 877 980 962 1043; x_wconf 88' lang='lat' dir='ltr'>enim</span> <span class='ocrx_word' id='word_1_75' title='bbox 991 980 1081 1044; x_wconf 92' lang='lat' dir='ltr'>cibus</span> <span class='ocrx_word' id='word_1_76' title='bbox 1111 985 1144 1044; x_wconf 91' lang='lat' dir='ltr'>et</span> 
     </span>
     <span class='ocr_line' id='line_1_11' title="bbox 99 1066 1180 1152; baseline -0.001 -20"><span class='ocrx_word' id='word_1_77' title='bbox 99 1075 119 1132; x_wconf 85' lang='grc'><strong>6</strong></span> <span class='ocrx_word' id='word_1_78' title='bbox 130 1069 220 1151; x_wconf 92' lang='lat' dir='ltr'>potio</span> <span class='ocrx_word' id='word_1_79' title='bbox 243 1069 335 1133; x_wconf 86' lang='lat' dir='ltr'>venit</span> <span class='ocrx_word' id='word_1_80' title='bbox 354 1090 370 1132; x_wconf 92' lang='lat' dir='ltr'>e</span> <span class='ocrx_word' id='word_1_81' title='bbox 389 1066 498 1132; x_wconf 85' lang='lat' dir='ltr'>fundo.</span> <span class='ocrx_word' id='word_1_82' title='bbox 535 1069 651 1150; x_wconf 90' lang='lat' dir='ltr'>quarto</span> <span class='ocrx_word' id='word_1_83' title='bbox 671 1066 893 1150; x_wconf 75' lang='lat' dir='ltr'>Robigum&#39;ac</span> <span class='ocrx_word' id='word_1_84' title='bbox 911 1067 1050 1151; x_wconf 86' lang='lat' dir='ltr'>Floram,</span> <span class='ocrx_word' id='word_1_85' title='bbox 1074 1069 1180 1152; x_wconf 83' lang='lat' dir='ltr'>qui-10</span> 
     </span>
     <span class='ocr_line' id='line_1_12' title="bbox 130 1154 1142 1241; baseline 0.001 -21"><span class='ocrx_word' id='word_1_86' title='bbox 130 1157 191 1221; x_wconf 90' lang='lat' dir='ltr'>bus</span> <span class='ocrx_word' id='word_1_87' title='bbox 223 1156 377 1241; x_wconf 76' lang='lat' dir='ltr'>propitiis</span> <span class='ocrx_word' id='word_1_88' title='bbox 409 1176 514 1239; x_wconf 91' lang='lat' dir='ltr'>neque</span> <span class='ocrx_word' id='word_1_89' title='bbox 546 1154 663 1239; x_wconf 86' lang='lat' dir='ltr'>robigo</span> <span class='ocrx_word' id='word_1_90' title='bbox 692 1155 857 1220; x_wconf 90' lang='lat' dir='ltr'>frumenta</span> <span class='ocrx_word' id='word_1_91' title='bbox 885 1160 981 1240; x_wconf 91' lang='lat' dir='ltr'>atque</span> <span class='ocrx_word' id='word_1_92' title='bbox 1010 1156 1142 1222; x_wconf 89' lang='lat' dir='ltr'>arbores</span> 
     </span>
     <span class='ocr_line' id='line_1_13' title="bbox 130 1244 1144 1329; baseline -0.004 -20"><span class='ocrx_word' id='word_1_93' title='bbox 130 1245 321 1328; x_wconf 84' lang='lat' dir='ltr'>corrumpit,</span> <span class='ocrx_word' id='word_1_94' title='bbox 348 1265 452 1328; x_wconf 87' lang='lat' dir='ltr'>neque</span> <span class='ocrx_word' id='word_1_95' title='bbox 479 1265 546 1308; x_wconf 94' lang='lat' dir='ltr'>non</span> <span class='ocrx_word' id='word_1_96' title='bbox 569 1244 760 1328; x_wconf 88' lang='lat' dir='ltr'>tempestive</span> <span class='ocrx_word' id='word_1_97' title='bbox 782 1245 908 1310; x_wconf 89' lang='lat' dir='ltr'>florent.</span> <span class='ocrx_word' id='word_1_98' title='bbox 953 1247 1064 1329; x_wconf 90' lang='lat' dir='ltr'>itaque</span> <span class='ocrx_word' id='word_1_99' title='bbox 1087 1268 1144 1329; x_wconf 60' lang='lat' dir='ltr'>pu·⁸</span> 
     </span>
     <span class='ocr_line' id='line_1_14' title="bbox 130 1331 1143 1417; baseline -0.001 -19"><span class='ocrx_word' id='word_1_100' title='bbox 130 1333 214 1398; x_wconf 89' lang='lat' dir='ltr'>blice</span> <span class='ocrx_word' id='word_1_101' title='bbox 232 1333 363 1417; x_wconf 80' lang='lat' dir='ltr'>Robigo</span> <span class='ocrx_word' id='word_1_102' title='bbox 385 1331 485 1397; x_wconf 85' lang='lat' dir='ltr'>feriae</span> <span class='ocrx_word' id='word_1_103' title='bbox 505 1331 688 1417; x_wconf 81' lang='lat' dir='ltr'>Robigalia,</span> <span class='ocrx_word' id='word_1_104' title='bbox 711 1332 826 1398; x_wconf 86' lang='lat' dir='ltr'>Florae</span> <span class='ocrx_word' id='word_1_105' title='bbox 848 1332 916 1397; x_wconf 90' lang='lat' dir='ltr'>ludi</span> <span class='ocrx_word' id='word_1_106' title='bbox 934 1333 1079 1398; x_wconf 86' lang='lat' dir='ltr'>Floralia</span> <span class='ocrx_word' id='word_1_107' title='bbox 1096 1334 1143 1397; x_wconf 91' lang='lat' dir='ltr'>in-</span> 
     </span>
     <span class='ocr_line' id='line_1_15' title="bbox 130 1420 1144 1506; baseline 0 -20"><span class='ocrx_word' id='word_1_108' title='bbox 130 1421 238 1487; x_wconf 86' lang='lat' dir='ltr'>trtu</span> <span class='ocrx_word' id='word_1_109' title='bbox 229 1445 250 1487; x_wconf 96' lang='lat'>1</span> <span class='ocrx_word' id='word_1_110' title='bbox 281 1424 309 1485; x_wconf 90' lang='lat'>1</span> <span class='ocrx_word' id='word_1_111' title='bbox 310 1443 361 1486; x_wconf 88' lang='lat' dir='ltr'>em</span> <span class='ocrx_word' id='word_1_112' title='bbox 381 1420 557 1486; x_wconf 86' lang='lat' dir='ltr'>adveneror</span> <span class='ocrx_word' id='word_1_113' title='bbox 570 1420 750 1485; x_wconf 89' lang='lat' dir='ltr'>Minervam</span> <span class='ocrx_word' id='word_1_114' title='bbox 769 1426 803 1486; x_wconf 89' lang='lat' dir='ltr'>et</span> <span class='ocrx_word' id='word_1_115' title='bbox 815 1420 987 1506; x_wconf 87' lang='lat' dir='ltr'>Venerem,</span> <span class='ocrx_word' id='word_1_116' title='bbox 1006 1444 1144 1505; x_wconf 92' lang='lat' dir='ltr'>quarum</span> 
     </span>
     <span class='ocr_line' id='line_1_16' title="bbox 128 1508 1180 1594; baseline 0 -20"><span class='ocrx_word' id='word_1_117' title='bbox 128 1511 224 1574; x_wconf 88' lang='lat' dir='ltr'>unius</span> <span class='ocrx_word' id='word_1_118' title='bbox 252 1510 439 1594; x_wconf 86' lang='lat' dir='ltr'>procuratio</span> <span class='ocrx_word' id='word_1_119' title='bbox 467 1508 593 1591; x_wconf 90' lang='lat' dir='ltr'>oliveti,</span> <span class='ocrx_word' id='word_1_120' title='bbox 622 1509 757 1574; x_wconf 89' lang='lat' dir='ltr'>alterius</span> <span class='ocrx_word' id='word_1_121' title='bbox 784 1510 968 1594; x_wconf 90' lang='lat' dir='ltr'>hortorum,</span> <span class='ocrx_word' id='word_1_122' title='bbox 996 1533 1059 1594; x_wconf 92' lang='lat' dir='ltr'>quo</span> <span class='ocrx_word' id='word_1_123' title='bbox 1083 1532 1180 1576; x_wconf 79' lang='lat' dir='ltr'>no-1e</span> 
     </span>
     <span class='ocr_line' id='line_1_17' title="bbox 129 1593 1144 1683; baseline 0 -20"><span class='ocrx_word' id='word_1_124' title='bbox 129 1599 216 1664; x_wconf 89' lang='lat' dir='ltr'>mine</span> <span class='ocrx_word' id='word_1_125' title='bbox 239 1602 310 1664; x_wconf 87' lang='lat' dir='ltr'>rust</span> <span class='ocrx_word' id='word_1_126' title='bbox 312 1600 362 1663; x_wconf 90' lang='lat' dir='ltr'>ica</span> <span class='ocrx_word' id='word_1_127' title='bbox 384 1593 550 1662; x_wconf 88' lang='lat' dir='ltr'>Vinalia&#39;</span> <span class='ocrx_word' id='word_1_128' title='bbox 541 1602 607 1662; x_wconf 89' lang='lat' dir='ltr'>met</span> <span class='ocrx_word' id='word_1_129' title='bbox 593 1598 700 1662; x_wconf 89' lang='lat' dir='ltr'>tituta.</span> <span class='ocrx_word' id='word_1_130' title='bbox 737 1619 797 1663; x_wconf 92' lang='lat' dir='ltr'>nec</span> <span class='ocrx_word' id='word_1_131' title='bbox 819 1620 886 1662; x_wconf 92' lang='lat' dir='ltr'>non</span> <span class='ocrx_word' id='word_1_132' title='bbox 910 1598 1009 1662; x_wconf 89' lang='lat' dir='ltr'>etiam</span> <span class='ocrx_word' id='word_1_133' title='bbox 1028 1622 1144 1683; x_wconf 85' lang='lat' dir='ltr'>precor</span> 
     </span>
     <span class='ocr_line' id='line_1_18' title="bbox 128 1685 1144 1789; baseline 0.001 -38"><span class='ocrx_word' id='word_1_134' title='bbox 128 1686 311 1789; x_wconf 86' lang='lat' dir='ltr'>Lympham</span> <span class='ocrx_word' id='word_1_135' title='bbox 344 1709 381 1751; x_wconf 89' lang='lat' dir='ltr'>ao</span> <span class='ocrx_word' id='word_1_136' title='bbox 407 1685 537 1751; x_wconf 91' lang='lat' dir='ltr'>Bonum</span> <span class='ocrx_word' id='word_1_137' title='bbox 564 1685 672 1751; x_wconf 83' lang='lat' dir='ltr'>Event</span> <span class='ocrx_word' id='word_1_138' title='bbox 657 1689 742 1768; x_wconf 90' lang='lat' dir='ltr'>tum,</span> <span class='ocrx_word' id='word_1_139' title='bbox 775 1687 926 1771; x_wconf 89' lang='lat' dir='ltr'>quoniam</span> <span class='ocrx_word' id='word_1_140' title='bbox 960 1688 1028 1751; x_wconf 86' lang='lat' dir='ltr'>sine</span> <span class='ocrx_word' id='word_1_141' title='bbox 1058 1711 1144 1772; x_wconf 89' lang='lat' dir='ltr'>aqua</span> 
     </span>
     <span class='ocr_line' id='line_1_19' title="bbox 54 1774 1187 1861; baseline 0.002 -21"><span class='ocrx_word' id='word_1_142' title='bbox 54 1826 62 1840; x_wconf 91' lang='lat'><strong>.</strong></span> <span class='ocrx_word' id='word_1_143' title='bbox 131 1778 236 1840; x_wconf 90' lang='lat' dir='ltr'>omnis</span> <span class='ocrx_word' id='word_1_144' title='bbox 261 1775 351 1839; x_wconf 89' lang='lat' dir='ltr'>arida</span> <span class='ocrx_word' id='word_1_145' title='bbox 375 1797 412 1839; x_wconf 88' lang='lat' dir='ltr'>ao</span> <span class='ocrx_word' id='word_1_146' title='bbox 435 1774 554 1839; x_wconf 86' lang='lat' dir='ltr'>misera</span> <span class='ocrx_word' id='word_1_147' title='bbox 577 1775 649 1860; x_wconf 84' lang='lat' dir='ltr'>agri</span> <span class='ocrx_word' id='word_1_148' title='bbox 673 1775 809 1857; x_wconf 93' lang='lat' dir='ltr'>cultura,</span> <span class='ocrx_word' id='word_1_149' title='bbox 838 1776 907 1839; x_wconf 88' lang='lat' dir='ltr'>sine</span> <span class='ocrx_word' id='word_1_150' title='bbox 932 1797 1079 1840; x_wconf 88' lang='lat' dir='ltr'>successu</span> <span class='ocrx_word' id='word_1_151' title='bbox 1105 1799 1143 1842; x_wconf 93' lang='lat' dir='ltr'>ac</span> <span class='ocrx_word' id='word_1_152' title='bbox 1184 1828 1187 1861; x_wconf 87' lang='lat'><strong>:</strong></span> 
     </span>
     <span class='ocr_line' id='line_1_20' title="bbox 45 1863 1144 1949; baseline 0.007 -26"><span class='ocrx_word' id='word_1_153' title='bbox 45 1914 48 1923; x_wconf 92' lang='lat'>.</span> <span class='ocrx_word' id='word_1_154' title='bbox 98 1864 217 1930; x_wconf 62' lang='lat' dir='ltr'>&#39;ibono</span> <span class='ocrx_word' id='word_1_155' title='bbox 250 1868 367 1928; x_wconf 87' lang='lat' dir='ltr'>eventu</span> <span class='ocrx_word' id='word_1_156' title='bbox 398 1863 568 1927; x_wconf 85' lang='lat' dir='ltr'>frustratio</span> <span class='ocrx_word' id='word_1_157' title='bbox 603 1866 665 1946; x_wconf 89' lang='lat' dir='ltr'>est,</span> <span class='ocrx_word' id='word_1_158' title='bbox 696 1884 763 1928; x_wconf 90' lang='lat' dir='ltr'>non</span> <span class='ocrx_word' id='word_1_159' title='bbox 791 1865 926 1929; x_wconf 90' lang='lat' dir='ltr'>cultura.</span> <span class='ocrx_word' id='word_1_160' title='bbox 971 1864 1011 1942; x_wconf 85' lang='lat' dir='ltr'>iis</span> <span class='ocrx_word' id='word_1_161' title='bbox 1041 1865 1144 1949; x_wconf 88' lang='lat' dir='ltr'>igitur</span> 
     </span>
     <span class='ocr_line' id='line_1_21' title="bbox 129 1951 1182 2035; baseline 0.001 -19"><span class='ocrx_word' id='word_1_162' title='bbox 129 1953 197 2017; x_wconf 88' lang='lat' dir='ltr'>deis</span> <span class='ocrx_word' id='word_1_163' title='bbox 222 1952 261 2017; x_wconf 89' lang='lat' dir='ltr'>ad</span> <span class='ocrx_word' id='word_1_164' title='bbox 285 1952 526 2018; x_wconf 90' lang='lat' dir='ltr'>venerationem</span> <span class='ocrx_word' id='word_1_165' title='bbox 550 1951 716 2016; x_wconf 90' lang='lat' dir='ltr'>advocatis</span> <span class='ocrx_word' id='word_1_166' title='bbox 740 1972 799 2035; x_wconf 90' lang='lat' dir='ltr'>ego</span> <span class='ocrx_word' id='word_1_167' title='bbox 819 1952 958 2017; x_wconf 88' lang='lat' dir='ltr'>referam</span> <span class='ocrx_word' id='word_1_168' title='bbox 978 1975 1144 2019; x_wconf 88' lang='lat' dir='ltr'>sermones</span> <span class='ocrx_word' id='word_1_169' title='bbox 1158 1977 1182 2017; x_wconf 83' lang='lat' dir='ltr'>ao</span> 
     </span>
     <span class='ocr_line' id='line_1_22' title="bbox 130 2040 1144 2125; baseline 0 -19"><span class='ocrx_word' id='word_1_170' title='bbox 130 2063 185 2106; x_wconf 87' lang='lat' dir='ltr'>cos</span> <span class='ocrx_word' id='word_1_171' title='bbox 210 2063 291 2125; x_wconf 89' lang='lat' dir='ltr'>quos</span> <span class='ocrx_word' id='word_1_172' title='bbox 320 2041 358 2104; x_wconf 85' lang='lat' dir='ltr'>dc</span> <span class='ocrx_word' id='word_1_173' title='bbox 382 2041 454 2125; x_wconf 92' lang='lat' dir='ltr'>agri</span> <span class='ocrx_word' id='word_1_174' title='bbox 478 2040 546 2105; x_wconf 89' lang='lat' dir='ltr'>cult</span> <span class='ocrx_word' id='word_1_175' title='bbox 532 2044 604 2105; x_wconf 89' lang='lat' dir='ltr'>tura</span> <span class='ocrx_word' id='word_1_176' title='bbox 626 2040 798 2104; x_wconf 90' lang='lat' dir='ltr'>habuimus</span> <span class='ocrx_word' id='word_1_177' title='bbox 821 2063 937 2125; x_wconf 90' lang='lat' dir='ltr'>nuper,</span> <span class='ocrx_word' id='word_1_178' title='bbox 961 2063 999 2104; x_wconf 89' lang='lat' dir='ltr'>ex</span> <span class='ocrx_word' id='word_1_179' title='bbox 1026 2043 1144 2124; x_wconf 89' lang='lat' dir='ltr'>quibus</span> 
     </span>
     <span class='ocr_line' id='line_1_23' title="bbox 129 2129 1144 2214; baseline 0.002 -21"><span class='ocrx_word' id='word_1_180' title='bbox 129 2130 206 2213; x_wconf 89' lang='lat' dir='ltr'>quid</span> <span class='ocrx_word' id='word_1_181' title='bbox 225 2133 258 2193; x_wconf 90' lang='lat' dir='ltr'>te</span> <span class='ocrx_word' id='word_1_182' title='bbox 276 2130 383 2194; x_wconf 87' lang='lat' dir='ltr'>facere</span> <span class='ocrx_word' id='word_1_183' title='bbox 403 2133 497 2212; x_wconf 87' lang='lat' dir='ltr'>oport</span> <span class='ocrx_word' id='word_1_184' title='bbox 483 2132 551 2193; x_wconf 88' lang='lat' dir='ltr'>teat</span> <span class='ocrx_word' id='word_1_185' title='bbox 569 2129 824 2192; x_wconf 89' lang='lat' dir='ltr'>animadvertere</span> <span class='ocrx_word' id='word_1_186' title='bbox 847 2132 906 2213; x_wconf 92' lang='lat' dir='ltr'>pot</span> <span class='ocrx_word' id='word_1_187' title='bbox 908 2130 979 2194; x_wconf 91' lang='lat' dir='ltr'>eris</span> <span class='ocrx_word' id='word_1_188' title='bbox 1012 2131 1050 2212; x_wconf 82' lang='lat' dir='ltr'>in</span> <span class='ocrx_word' id='word_1_189' title='bbox 1070 2132 1144 2214; x_wconf 90' lang='lat' dir='ltr'>quis</span> 
     </span>
     <span class='ocr_line' id='line_1_24' title="bbox 130 2215 1144 2319; baseline 0.001 -37"><span class='ocrx_word' id='word_1_190' title='bbox 130 2239 212 2302; x_wconf 89' lang='lat' dir='ltr'>quae</span> <span class='ocrx_word' id='word_1_191' title='bbox 221 2240 288 2282; x_wconf 93' lang='lat' dir='ltr'>non</span> <span class='ocrx_word' id='word_1_192' title='bbox 301 2218 433 2282; x_wconf 91' lang='lat' dir='ltr'>inerunt</span> <span class='ocrx_word' id='word_1_193' title='bbox 447 2221 480 2281; x_wconf 89' lang='lat' dir='ltr'>et</span> <span class='ocrx_word' id='word_1_194' title='bbox 494 2238 637 2319; x_wconf 80' lang='lat' dir='ltr'>quaeres,</span> <span class='ocrx_word' id='word_1_195' title='bbox 648 2215 797 2281; x_wconf 91' lang='lat' dir='ltr'>indicabo</span> <span class='ocrx_word' id='word_1_196' title='bbox 813 2239 832 2281; x_wconf 89' lang='lat' dir='ltr'>a</span> <span class='ocrx_word' id='word_1_197' title='bbox 847 2216 975 2315; x_wconf 91' lang='lat' dir='ltr'>quibus</span> <span class='ocrx_word' id='word_1_198' title='bbox 979 2220 1078 2303; x_wconf 90' lang='lat' dir='ltr'>script</span> <span class='ocrx_word' id='word_1_199' title='bbox 1080 2221 1144 2283; x_wconf 93' lang='lat' dir='ltr'>ori·</span> 
     </span>
     <span class='ocr_line' id='line_1_25' title="bbox 129 2305 759 2391; baseline -0.005 -20"><span class='ocrx_word' id='word_1_200' title='bbox 129 2306 191 2371; x_wconf 93' lang='lat' dir='ltr'>bus</span> <span class='ocrx_word' id='word_1_201' title='bbox 215 2310 307 2391; x_wconf 90' lang='lat' dir='ltr'>repet</span> <span class='ocrx_word' id='word_1_202' title='bbox 310 2329 344 2370; x_wconf 90' lang='lat' dir='ltr'>as</span> <span class='ocrx_word' id='word_1_203' title='bbox 369 2309 403 2370; x_wconf 88' lang='lat' dir='ltr'>et</span> <span class='ocrx_word' id='word_1_204' title='bbox 426 2305 550 2390; x_wconf 87' lang='lat' dir='ltr'>graecis</span> <span class='ocrx_word' id='word_1_205' title='bbox 574 2309 607 2369; x_wconf 88' lang='lat' dir='ltr'>et</span> <span class='ocrx_word' id='word_1_206' title='bbox 628 2305 759 2370; x_wconf 88' lang='lat' dir='ltr'>nostris</span> 
     </span>
     <span class='ocr_line' id='line_1_26' title="bbox 194 2391 1181 2479; baseline -0.001 -20.974"><span class='ocrx_word' id='word_1_207' title='bbox 194 2394 282 2470; x_wconf 81' lang='lat' dir='ltr'>Qui</span> <span class='ocrx_word' id='word_1_208' title='bbox 304 2415 419 2479; x_wconf 88' lang='lat' dir='ltr'>graece</span> <span class='ocrx_word' id='word_1_209' title='bbox 438 2393 638 2478; x_wconf 85' lang='lat' dir='ltr'>scripserunt</span> <span class='ocrx_word' id='word_1_210' title='bbox 659 2393 830 2477; x_wconf 86' lang='lat' dir='ltr'>dispersim</span> <span class='ocrx_word' id='word_1_211' title='bbox 853 2394 937 2458; x_wconf 90' lang='lat' dir='ltr'>alius</span> <span class='ocrx_word' id='word_1_212' title='bbox 957 2395 995 2458; x_wconf 86' lang='lat' dir='ltr'>de</span> <span class='ocrx_word' id='word_1_213' title='bbox 1014 2391 1080 2458; x_wconf 91' lang='lat' dir='ltr'>alia</span> <span class='ocrx_word' id='word_1_214' title='bbox 1098 2419 1143 2478; x_wconf 89' lang='lat' dir='ltr'>re,</span> <span class='ocrx_word' id='word_1_215' title='bbox 1157 2417 1181 2458; x_wconf 79' lang='lat' dir='ltr'>ss</span> 
     </span>
     <span class='ocr_line' id='line_1_27' title="bbox 97 2482 1145 2568; baseline 0.001 -20"><span class='ocrx_word' id='word_1_216' title='bbox 97 2486 207 2548; x_wconf 85' lang='lat' dir='ltr'>8sunt</span> <span class='ocrx_word' id='word_1_217' title='bbox 233 2484 307 2567; x_wconf 88' lang='lat' dir='ltr'>plus</span> <span class='ocrx_word' id='word_1_218' title='bbox 331 2482 577 2568; x_wconf 85' lang='lat' dir='ltr'>quinquaginta.</span> <span class='ocrx_word' id='word_1_219' title='bbox 620 2482 655 2546; x_wconf 92' lang='lat' dir='ltr'>hi</span> <span class='ocrx_word' id='word_1_220' title='bbox 684 2484 772 2563; x_wconf 92' lang='lat' dir='ltr'>sunt,</span> <span class='ocrx_word' id='word_1_221' title='bbox 801 2503 881 2564; x_wconf 90' lang='lat' dir='ltr'>quos</span> <span class='ocrx_word' id='word_1_222' title='bbox 905 2487 941 2546; x_wconf 92' lang='lat' dir='ltr'>tu</span> <span class='ocrx_word' id='word_1_223' title='bbox 964 2483 1084 2548; x_wconf 89' lang='lat' dir='ltr'>habere</span> <span class='ocrx_word' id='word_1_224' title='bbox 1109 2486 1145 2549; x_wconf 90' lang='lat' dir='ltr'>in</span> 
     </span>
     <span class='ocr_line' id='line_1_28' title="bbox 129 2570 1143 2657; baseline -0.001 -20"><span class='ocrx_word' id='word_1_225' title='bbox 129 2572 264 2637; x_wconf 90' lang='lat' dir='ltr'>consilio</span> <span class='ocrx_word' id='word_1_226' title='bbox 288 2573 420 2657; x_wconf 89' lang='lat' dir='ltr'>poteris,</span> <span class='ocrx_word' id='word_1_227' title='bbox 442 2593 516 2635; x_wconf 91' lang='lat' dir='ltr'>cum</span> <span class='ocrx_word' id='word_1_228' title='bbox 539 2571 616 2654; x_wconf 86' lang='lat' dir='ltr'>quid</span> <span class='ocrx_word' id='word_1_229' title='bbox 640 2571 807 2636; x_wconf 87' lang='lat' dir='ltr'>consulere</span> <span class='ocrx_word' id='word_1_230' title='bbox 828 2570 926 2654; x_wconf 89' lang='lat' dir='ltr'>voles,</span> <span class='ocrx_word' id='word_1_231' title='bbox 949 2571 1073 2636; x_wconf 90' lang='lat' dir='ltr'>Hieron</span> <span class='ocrx_word' id='word_1_232' title='bbox 1094 2571 1143 2636; x_wconf 80' lang='lat' dir='ltr'>si-</span> 
     </span>
     <span class='ocr_line' id='line_1_29' title="bbox 129 2657 1143 2743; baseline 0.002 -19"><span class='ocrx_word' id='word_1_233' title='bbox 129 2660 221 2725; x_wconf 89' lang='lat' dir='ltr'>culus</span> <span class='ocrx_word' id='word_1_234' title='bbox 255 2663 287 2724; x_wconf 90' lang='lat' dir='ltr'>et</span> <span class='ocrx_word' id='word_1_235' title='bbox 314 2658 447 2724; x_wconf 90' lang='lat' dir='ltr'>Attalus</span> <span class='ocrx_word' id='word_1_236' title='bbox 476 2657 689 2723; x_wconf 87' lang='lat' dir='ltr'>Philometor:</span> <span class='ocrx_word' id='word_1_237' title='bbox 719 2657 757 2722; x_wconf 90' lang='lat' dir='ltr'>de</span> <span class='ocrx_word' id='word_1_238' title='bbox 789 2659 992 2743; x_wconf 87' lang='lat' dir='ltr'>philosophis</span> <span class='ocrx_word' id='word_1_239' title='bbox 1021 2659 1143 2726; x_wconf 88' lang='lat' dir='ltr'>Demo-</span> 
     </span>
     <span class='ocr_line' id='line_1_30' title="bbox 129 2746 1144 2832; baseline 0.001 -19"><span class='ocrx_word' id='word_1_240' title='bbox 129 2749 230 2814; x_wconf 88' lang='lat' dir='ltr'>critus</span> <span class='ocrx_word' id='word_1_241' title='bbox 258 2748 427 2832; x_wconf 86' lang='lat' dir='ltr'>physicus,</span> <span class='ocrx_word' id='word_1_242' title='bbox 453 2746 635 2831; x_wconf 85' lang='lat' dir='ltr'>Xenophon</span> <span class='ocrx_word' id='word_1_243' title='bbox 664 2746 861 2830; x_wconf 83' lang='lat' dir='ltr'>Socraticus,</span> <span class='ocrx_word' id='word_1_244' title='bbox 888 2748 1085 2812; x_wconf 90' lang='lat' dir='ltr'>Aristoteles</span> <span class='ocrx_word' id='word_1_245' title='bbox 1111 2753 1144 2814; x_wconf 88' lang='lat' dir='ltr'>et</span> 
     </span>
     <span class='ocr_line' id='line_1_31' title="bbox 128 2836 1182 2921; baseline -0.002 -19"><span class='ocrx_word' id='word_1_246' title='bbox 128 2837 374 2921; x_wconf 86' lang='lat' dir='ltr'>Theophrastus</span> <span class='ocrx_word' id='word_1_247' title='bbox 393 2836 607 2921; x_wconf 87' lang='lat' dir='ltr'>peripatetici,</span> <span class='ocrx_word' id='word_1_248' title='bbox 626 2837 790 2920; x_wconf 87' lang='lat' dir='ltr'>Archytas</span> <span class='ocrx_word' id='word_1_249' title='bbox 805 2836 1043 2920; x_wconf 87' lang='lat' dir='ltr'>Pythagoreus:</span> <span class='ocrx_word' id='word_1_250' title='bbox 1063 2837 1143 2902; x_wconf 89' lang='lat' dir='ltr'>item</span> <span class='ocrx_word' id='word_1_251' title='bbox 1158 2860 1182 2900; x_wconf 83' lang='lat' dir='ltr'>so</span> 
     </span>
     <span class='ocr_line' id='line_1_32' title="bbox 129 2923 1144 3011; baseline 0.001 -21"><span class='ocrx_word' id='word_1_252' title='bbox 129 2925 367 3009; x_wconf 87' lang='lat' dir='ltr'>Amphilochus</span> <span class='ocrx_word' id='word_1_253' title='bbox 387 2925 605 3011; x_wconf 89' lang='lat' dir='ltr'>Atheniensis,</span> <span class='ocrx_word' id='word_1_254' title='bbox 624 2924 817 3007; x_wconf 83' lang='lat' dir='ltr'>Anaxipolis</span> <span class='ocrx_word' id='word_1_255' title='bbox 832 2923 986 3008; x_wconf 71' lang='lat' dir='ltr'>Thasius,</span> <span class='ocrx_word' id='word_1_256' title='bbox 1005 2925 1144 3010; x_wconf 91' lang='lat' dir='ltr'>Apollo-</span> 
     </span>
     <span class='ocr_line' id='line_1_33' title="bbox 130 3012 1144 3099; baseline 0.001 -21"><span class='ocrx_word' id='word_1_257' title='bbox 130 3014 227 3079; x_wconf 87' lang='lat' dir='ltr'>dorus</span> <span class='ocrx_word' id='word_1_258' title='bbox 250 3014 414 3097; x_wconf 89' lang='lat' dir='ltr'>Lemnius,</span> <span class='ocrx_word' id='word_1_259' title='bbox 437 3012 529 3077; x_wconf 87' lang='lat' dir='ltr'>Arist</span> <span class='ocrx_word' id='word_1_260' title='bbox 515 3014 672 3096; x_wconf 89' lang='lat' dir='ltr'>tophanes</span> <span class='ocrx_word' id='word_1_261' title='bbox 690 3012 807 3077; x_wconf 90' lang='lat' dir='ltr'>Mallot</span> <span class='ocrx_word' id='word_1_262' title='bbox 793 3017 852 3096; x_wconf 87' lang='lat' dir='ltr'>t,es</span> <span class='ocrx_word' id='word_1_263' title='bbox 875 3012 1063 3098; x_wconf 90' lang='lat' dir='ltr'>Antigonus</span> <span class='ocrx_word' id='word_1_264' title='bbox 1076 3012 1144 3099; x_wconf 73' lang='lat' dir='ltr'>Cy·</span> 
     </span>
    </p>
   </div>
   <div class='ocr_carea' id='block_1_3' title="bbox 117 3185 1145 3398">
    <p class='ocr_par' dir='ltr' id='par_1_3' title="bbox 117 3185 1143 3398">
     <span class='ocr_line' id='line_1_34' title="bbox 219 3185 1143 3258; baseline 0.002 -16"><span class='ocrx_word' id='word_1_265' title='bbox 219 3194 235 3242; x_wconf 76' lang='lat'><strong>2</strong></span> <span class='ocrx_word' id='word_1_266' title='bbox 254 3188 442 3258; x_wconf 72' lang='lat' dir='ltr'>agricolarum</span> <span class='ocrx_word' id='word_1_267' title='bbox 539 3194 557 3240; x_wconf 84' lang='lat'>4</span> <span class='ocrx_word' id='word_1_268' title='bbox 576 3185 690 3255; x_wconf 89' lang='lat' dir='ltr'>quod</span> <span class='ocrx_word' id='word_1_269' title='bbox 670 3203 692 3239; x_wconf 90' lang='lat'>11</span> <span class='ocrx_word' id='word_1_270' title='bbox 715 3186 800 3254; x_wconf 89' lang='lat' dir='ltr'>(qnod</span> <span class='ocrx_word' id='word_1_271' title='bbox 823 3186 854 3240; x_wconf 91' lang='lat' dir='ltr'>hi</span> <span class='ocrx_word' id='word_1_272' title='bbox 877 3187 914 3254; x_wconf 89' lang='lat' dir='ltr'>V,</span> <span class='ocrx_word' id='word_1_273' title='bbox 934 3187 1046 3255; x_wconf 90' lang='lat' dir='ltr'>quod&#39;&#39;</span> <span class='ocrx_word' id='word_1_274' title='bbox 1027 3205 1048 3242; x_wconf 91' lang='lat'>11</span> <span class='ocrx_word' id='word_1_275' title='bbox 1071 3187 1143 3244; x_wconf 74' lang='lat' dir='ltr'>Vter.</span> 
     </span>
     <span class='ocr_line' id='line_1_35' title="bbox 128 3229 1145 3340; baseline 0.001 -27"><span class='ocrx_word' id='word_1_276' title='bbox 128 3265 155 3314; x_wconf 83' lang='lat' dir='ltr'>ct</span> <span class='ocrx_word' id='word_1_277' title='bbox 168 3260 294 3340; x_wconf 77' lang='lat' dir='ltr'>plurimu</span> <span class='ocrx_word' id='word_1_278' title='bbox 312 3261 483 3329; x_wconf 75' lang='lat' dir='ltr'>apographo)</span> <span class='ocrx_word' id='word_1_279' title='bbox 548 3264 581 3311; x_wconf 90' lang='lat'>11</span> <span class='ocrx_word' id='word_1_280' title='bbox 601 3259 692 3325; x_wconf 83' lang='lat' dir='ltr'>adque</span> <span class='ocrx_word' id='word_1_281' title='bbox 764 3263 799 3311; x_wconf 77' lang='lat'>24</span> <span class='ocrx_word' id='word_1_282' title='bbox 817 3229 942 3327; x_wconf 78' lang='lat' dir='ltr'>repertas</span> <span class='ocrx_word' id='word_1_283' title='bbox 957 3257 1091 3329; x_wconf 87' lang='lat' dir='ltr'>(reperias</span> <span class='ocrx_word' id='word_1_284' title='bbox 1111 3260 1145 3329; x_wconf 94' lang='lat' dir='ltr'>V,</span> 
     </span>
     <span class='ocr_line' id='line_1_36' title="bbox 117 3327 974 3398; baseline 0.005 -20"><span class='ocrx_word' id='word_1_285' title='bbox 117 3328 266 3395; x_wconf 74' lang='lat' dir='ltr'>repetitas</span> <span class='ocrx_word' id='word_1_286' title='bbox 291 3329 372 3398; x_wconf 78' lang='lat' dir='ltr'>Vcct)</span> <span class='ocrx_word' id='word_1_287' title='bbox 444 3335 478 3384; x_wconf 87' lang='lat'>30</span> <span class='ocrx_word' id='word_1_288' title='bbox 497 3328 682 3398; x_wconf 87' lang='lat' dir='ltr'>theophratus</span> <span class='ocrx_word' id='word_1_289' title='bbox 702 3327 911 3397; x_wconf 86' lang='lat' dir='ltr'>(theophrastus</span> <span class='ocrx_word' id='word_1_290' title='bbox 937 3329 974 3397; x_wconf 92' lang='lat' dir='ltr'>V)</span> 
     </span>
    </p>
   </div>
   <div class='ocr_carea' id='block_1_4' title="bbox 102 3421 333 3438">
    <p class='ocr_par' dir='ltr' id='par_1_4' title="bbox 102 3421 333 3438">
     <span class='ocr_line' id='line_1_37' title="bbox 102 3421 333 3438; baseline 0 0"><span class='ocrx_word' id='word_1_291' title='bbox 102 3421 333 3438; x_wconf 43' lang='grc' dir='ltr'>-ᾕ-ι</span> 
     </span>
    </p>
   </div>
   <div class='ocr_carea' id='block_1_5' title="bbox 189 3473 548 3542">
    <p class='ocr_par' dir='ltr' id='par_1_5' title="bbox 189 3473 548 3542">
     <span class='ocr_line' id='line_1_38' title="bbox 189 3473 548 3542; baseline 0.033 -23"><span class='ocrx_word' id='word_1_292' title='bbox 189 3473 228 3520; x_wconf 74' lang='grc'>24</span> <span class='ocrx_word' id='word_1_293' title='bbox 247 3473 372 3542; x_wconf 85' lang='lat' dir='ltr'>repetas</span> <span class='ocrx_word' id='word_1_294' title='bbox 400 3473 548 3533; x_wconf 81' lang='lat' dir='ltr'>Victorius</span> 
     </span>
    </p>
   </div>
   <div class='ocr_carea' id='block_1_6' title="bbox 0 0 1199 3742">
    <p class='ocr_par' dir='ltr' id='par_1_6' title="bbox 0 0 1199 3742">
     <span class='ocr_line' id='line_1_39' title="bbox 0 0 1199 3742; baseline 0 0"><span class='ocrx_word' id='word_1_295' title='bbox 0 0 1199 3742; x_wconf 95' lang='lat' dir='ltr'> </span> 
     </span>
    </p>
   </div>
  </div>
 </body>
</html>
