2386 3742
286 109 417 166 RERVM
435 107 674 165 RVSTIOARVM
693 109 759 166 LlB.
779 111 791 165 I
811 117 915 166 35-38
1059 112 1101 176 51

86 254 289 340 conveniret,
321 256 450 338 melius,
489 259 610 338 quanto
643 256 751 320 minus
781 257 917 321 haberet
948 257 1034 342 ignis
1070 258 1103 321 id

87 345 237 410 astrum?
276 345 343 408 dixi
367 345 404 408 de
429 345 664 428 quadripertita
686 346 793 409 forma
814 347 850 410 ia
873 346 1000 411 cultura
1023 347 1104 431 agri.

178 431 283 514 Stolo,
310 433 372 497 Est
395 433 510 517 altera,
537 433 656 517 inquit,
679 437 864 517 temporum
888 434 1005 500 divisio
1028 441 1135 500 con-4

86 523 198 587 iuncta
234 522 375 606 quodam
408 522 502 587 modo
535 543 609 586 cum
645 521 715 586 sole
748 527 781 587 et
804 524 904 607 luna,
943 545 1025 608 quae
1053 528 1103 588 est

60 611 278 694 osexpertita,
312 610 397 695 quod
430 610 536 674 omnis
568 610 635 674 fere
668 610 792 676 fructus
825 612 938 696 quinto
966 612 1103 697 denique

86 701 192 785 gradu
215 700 362 784 pervenit
385 699 424 763 ad
448 699 627 783 perfectum
650 721 688 763 ac
711 699 799 763 videt
828 701 861 764 in
880 701 960 765 villa
980 701 1103 765 dolium

86 810 125 852 ac
147 789 302 872 modium,
324 788 409 852 unde
433 793 523 852 sexto
547 788 655 871 prodit
679 787 719 852 ad
743 811 847 853 usum.
882 789 988 873 primo
1012 812 1103 874 prae-

85 877 276 961 parandum,
287 876 425 950 secundo
436 877 614 959 serendum,
626 877 722 941 tertio
733 877 970 960 nutricandam,
985 881 1101 961 quarto

85 966 269 1050 legendum,
293 967 407 1050 quinto
431 965 644 1048 condendum,
675 970 766 1030 sexto
791 966 1014 1049 promendum.
1061 966 1101 1030 ad

48 1075 70 1115 ro
85 1056 151 1119 alia
170 1055 204 1118 in
227 1055 450 1138 praeparando
465 1054 604 1119 faciendi
619 1055 750 1119 scrobes
765 1058 822 1119 aut
835 1055 1102 1140 repastinandum

84 1148 144 1208 aut
168 1143 374 1227 sulcandum,
405 1147 443 1207 ut
465 1144 492 1207 si
516 1145 687 1207 arbustum
710 1147 766 1208 aut
789 1145 973 1227 pomarium
996 1144 1102 1208 facere

83 1233 179 1315 velis3
216 1233 255 1296 ad
280 1233 344 1297 alia
368 1233 526 1296 arandum
550 1235 606 1295 aut
628 1232 828 1315 fodiendum,
857 1238 894 1298 ut
922 1234 950 1297 si
974 1235 1101 1318 segetes

81 1321 253 1405 instituas3
277 1323 317 1385 ad
341 1321 498 1405 quaedam
521 1321 644 1404 bipalio
667 1323 823 1385 vertenda
845 1325 932 1387 terra
950 1323 1024 1404 plus
1044 1325 1130 1386 aut5

82 1410 204 1474 minus.
254 1410 336 1474 aliae
365 1410 453 1473 euim
480 1409 605 1474 radices
634 1410 804 1494 angustius
832 1411 1030 1493 diffundunt,
1065 1414 1103 1474 nt

40 1519 66 1560 rs
81 1498 240 1583 cupressi,
263 1498 345 1563 aliae
369 1498 481 1579 latius,
508 1502 545 1561 ut
573 1499 712 1581 platani,
741 1520 842 1582 usque
866 1521 903 1564 eo
934 1503 970 1563 ut
998 1499 1101 1563 Theo·

81 1587 240 1672 phrastus
265 1588 387 1651 scribat
410 1587 548 1650 Athenis
576 1587 610 1649 in
634 1586 755 1670 Lyce0,
786 1609 859 1651 cum
887 1588 986 1651 etiam
1014 1609 1100 1651 nuno

81 1676 239 1762 platanus
262 1677 392 1741 novella
416 1679 510 1758 esset,
533 1675 657 1739 radices
682 1676 782 1739 trium
805 1680 838 1739 et
858 1677 995 1761 triginta
1013 1676 1101 1740 cubi·

80 1771 196 1829 torum
219 1765 333 1849 egisse.
361 1766 519 1848 quaedam
543 1765 571 1827 si
591 1765 695 1828 bubus
716 1768 749 1828 et
768 1768 877 1829 aratro
896 1764 1100 1848 proscideris,

82 1857 118 1918 et
131 1853 324 1937 iterandum,
344 1857 519 1937 antequam
534 1875 642 1917 semen
662 1854 772 1919 iacias.
800 1855 880 1918 item
893 1854 1100 1938 praeparatio

38 1963 66 2004 eo
83 1943 198 2025 siquae
221 1942 259 2006 fit
281 1941 317 2005 in
338 1943 452 2025 pratis,
476 1942 508 2005 id
533 1946 642 2005 estut
665 1942 879 2006 defendantur
902 1965 921 2007 a
942 1943 1101 2027 pastione,

82 2031 173 2115 quod
196 2029 263 2094 fere
286 2031 460 2096 observant
483 2053 502 2095 a
524 2031 597 2113 piro
621 2031 769 2114 florente3
805 2031 832 2094 si
860 2030 991 2116 inrigua
1014 2033 1099 2111 sunt,

81 2123 123 2184 ut
145 2120 338 2204 tempestive
361 2120 550 2204 inrigentur.

176 2207 265 2284 Quae
280 2209 351 2273 loca
365 2209 400 2272 in
414 2229 493 2293 agro
508 2207 726 2292 stercoranda,
744 2208 926 2290 videndum,
941 2212 974 2272 et
989 2208 1044 2291 qui
1052 2221 1182 2278 XXXVII

82 2299 119 2361 et
144 2318 206 2380 quo
227 2317 343 2381 genere
362 2297 568 2381 potissimum
587 2297 702 2362 facias:
724 2319 802 2362 nam
821 2297 1009 2362 discrimina
1031 2297 1099 2361 eius

38 2408 65 2450 ao
83 2386 222 2468 aliquot.
268 2391 391 2450 stercus
407 2387 581 2470 ‘optimum
611 2386 724 2450 scribit
752 2408 823 2450 esse
848 2384 979 2451 Cassius
1009 2386 1100 2450 volu·

81 2475 187 2539 crium
210 2480 338 2557 praeter
361 2475 555 2559 palustrium
578 2496 615 2538 ac
636 2475 794 2539 nantium.
836 2474 984 2539 dehisce
1008 2496 1100 2558 prae-

81 2567 173 2628 stare
189 2563 417 2643 columbinum,
443 2564 529 2647 quod
544 2564 587 2627 sit
602 2564 836 2628 calidissimum
851 2585 888 2627 ac
902 2563 1100 2627 fermentare

79 2652 189 2736 possit
211 2657 340 2717 terram.
375 2653 408 2716 id
431 2657 468 2716 ut
490 2673 600 2718 semen
624 2653 755 2736 aspergi
779 2655 928 2736 oportere
951 2651 985 2714 in
1010 2671 1099 2736 agro,
1172 2725 1183 2744 x

80 2762 152 2804 non
173 2744 211 2804 ut
234 2742 273 2804 de
296 2763 411 2825 pecore
434 2742 609 2805 acervatim
632 2740 719 2824 poni.
756 2761 817 2825 ego
842 2741 983 2805 arbitror
1005 2747 1129 2825 prae-2

174 2932 239 2986 2in
258 2949 307 2988 om.
381 2939 490 3001 uquae
510 2933 565 3004 est]
585 2931 654 3000 quin
727 2933 884 3001 'lprimum
957 2935 1025 2987 9at
1043 2931 1100 2986 alia

79 3008 198 3072 atroque
216 3005 273 3058 loco
355 3011 387 3058 13
407 3007 437 3058 at
456 3005 596 3073 quaedam
679 3008 712 3057 16
731 3003 849 3058 athenas
924 3009 956 3058 18
975 3003 1100 3072 proscin-

80 3075 157 3129 deris
177 3074 356 3144 (proscideris
380 3075 419 3142 V)
530 3081 562 3129 19
585 3075 674 3129 iactas
782 3080 816 3128 20
840 3074 930 3143 pratis
950 3074 1050 3143 (partis
1068 3075 1101 3128 ia

79 3147 208 3227 mareiae
226 3147 375 3216 adscripsit
392 3147 561 3213 Politiaaas,
584 3144 672 3214 pratis
692 3146 757 3200 libri
780 3147 981 3214 manuscripti
999 3148 1100 3214 omae)

80 3222 117 3271 25
137 3216 253 3284 ahquod
325 3223 358 3272 29
378 3237 435 3271 nun
453 3219 486 3271 ut
504 3220 570 3287 (nou
589 3219 621 3270 ut
639 3218 744 3286 apogr.)

173 3402 191 3449 4
209 3412 282 3463 quae
300 3395 329 3448 in
349 3412 396 3450 sex
416 3393 523 3465 partita
542 3397 587 3449 est
605 3395 751 3450 Iucundos
810 3399 825 3448 'l
844 3393 937 3462 primo
958 3392 1108 3446 {aeacus

83 3473 117 3522 16
138 3464 256 3521 Athenis
274 3484 291 3522 c
945 3545 983 3597 ᾖ
