2386 3742
121 103 164 167 52
323 182 327 186 ἢ
539 101 724 158 rannerus

125 252 210 313 stare
239 271 277 312 ex
305 247 436 312 aviariis
464 248 634 312 turdorum
661 271 698 313 ac
727 248 939 331 merularum,
963 247 1051 330 quod
1074 269 1141 313 non

125 338 231 402 solum
255 337 296 401 ad
320 358 435 421 agrum
459 337 549 420 utile,
573 337 628 402 sed
652 336 750 401 etiam
775 336 816 401 ad
839 337 947 401 cibum
966 336 1013 400 ita
1031 336 1140 401 bubus

125 448 162 491 ac
186 426 300 504 subus,
327 428 365 489 ut
391 426 473 489 fiant
500 426 648 511 pingues.
695 426 805 510 itaque
834 425 888 508 qui
919 425 1045 489 aviaria
1069 447 1142 490 con·

126 515 256 599 ducunt,
280 515 307 577 si
331 519 424 578 cavet
448 515 596 578 dominus
621 520 743 579 stercus
767 518 804 578 ut
825 514 860 576 in
880 512 980 577 fundo
1000 519 1141 598 maneat,

125 603 258 667 minoris
277 603 470 687 conducunt,
489 625 586 686 quam
604 604 627 668 ii
647 603 763 687 quibus
782 602 815 667 id
837 601 968 667 accedit.
1007 600 1141 668 Cassius
1163 625 1173 666 ε

126 693 301 756 secundum
320 692 542 756 columbinum
562 692 676 758 scribit
695 714 764 756 esse
786 691 940 773 hominis,
964 691 1067 756 tertio
1091 713 1141 757 ca

96 780 256 864 3prinum
271 784 304 844 et
318 780 452 845 ovillum
467 785 499 845 et
514 781 684 865 asininum,
700 780 831 845 minime
845 780 966 844 bonum
978 781 1142 865 equinum,
1182 822 1185 827 -

127 870 183 935 sed
206 872 240 934 in
264 873 405 955 segetes:
428 870 463 932 in
480 873 577 954 prata
596 870 682 934 enim
701 871 752 935 vel
772 870 940 953 optimum,
963 874 1000 932 ut
1019 873 1141 934 cetera·

124 982 196 1023 rum
211 961 438 1042 veterinarum,
457 980 539 1041 quae
557 959 679 1023 hordeo
697 961 883 1042 pascuntur,
903 958 987 1040 quod
1002 958 1142 1022 multam

123 1047 205 1113 facit
236 1048 381 1113 herbam.
442 1046 641 1112 stercilinum
675 1047 849 1111 secundum
881 1046 994 1111 villam
1034 1046 1171 1112 facerem

125 1140 264 1219 oportet,
289 1139 447 1219 utquam
470 1136 675 1219 paucissimis
700 1136 805 1219 operis
830 1137 990 1219 egeratur.
1036 1135 1140 1216 inec,

126 1227 153 1288 si
173 1225 206 1288 in
227 1225 332 1288 medio
350 1224 485 1288 robusta
505 1225 613 1308 aliqua
631 1225 769 1289 materia
788 1225 832 1288 sit
850 1224 997 1308 depacta,
1019 1228 1140 1309 negant

127 1316 312 1397 serpentem
335 1313 434 1376 nasci.
884 1323 886 1327 ’

52 1416 171 1471 XXXIX
216 1400 359 1466 Sationis
383 1405 492 1465 autem
516 1401 635 1486 gradus
660 1402 817 1466 secundus
840 1402 920 1464 haec
942 1401 1058 1466 habet:
1086 1423 1140 1466 na·

125 1496 199 1555 tura
232 1492 272 1554 ad
309 1491 394 1574 quod
422 1495 551 1573 tempus
580 1493 733 1575 cuiusque
762 1489 894 1554 seminis
924 1493 1003 1574 apta
1031 1491 1076 1569 sit
1102 1489 1139 1554 ad
1150 1509 1168 1551 n

127 1580 306 1645 serendum.
343 1601 419 1643 nam
442 1579 541 1643 refert
564 1580 598 1642 in
622 1600 700 1664 agro
726 1580 766 1642 ad
790 1601 887 1663 quam
910 1581 1039 1661 partem
1063 1579 1139 1644 caeli

126 1670 261 1753 quisque
288 1668 378 1732 locus
408 1670 545 1752 spectet,
582 1669 627 1732 sic
656 1669 696 1733 ad
725 1668 811 1751 quod
838 1671 968 1750 tempus
997 1674 1139 1752 qua‘eque
1183 1712 1185 1749 ;

127 1779 179 1821 res
199 1756 354 1821 facillime
373 1760 507 1821 crescat.
533 1778 642 1822 nonne
661 1757 807 1821 videmus
827 1757 891 1821 alia
909 1756 1023 1821 florere
1043 1777 1139 1821 verno

129 1850 289 1928 tempore,
318 1846 384 1909 alia
412 1846 552 1929 aestivo,
579 1867 682 1928 neque
706 1846 817 1935 eadem
841 1843 1038 1928 autumnali,
1063 1866 1139 1930 quae
1183 1842 1185 1847 ’

101 1934 293 2000 2hiberno‘l
338 1935 447 2018 itaque
481 1934 547 1998 alia
581 1939 732 1998 seruntur
764 1937 860 2018 atque
892 1934 1079 1998 inseruntur
1110 1937 1185 1998 otu.

130 2027 297 2089 metuntur
320 2028 395 2087 ante
419 2027 476 2088 aut
499 2026 575 2108 post
599 2045 696 2106 quam
720 2023 796 2106 alia,
837 2027 869 2086 et
892 2044 965 2086 cum
988 2022 1140 2106 pleraque
1183 2027 1185 2036 '

130 2135 204 2177 vere
241 2134 338 2196 quam
376 2116 532 2176 autumno
565 2113 765 2195 inserantur,
804 2111 931 2176 circiter
964 2112 1141 2176 solstitium

84 2202 230 2268 ·3inseri
253 2202 331 2265 ficos
354 2222 414 2264 nec
435 2222 502 2265 non
525 2200 727 2265 brumalibus
747 2200 859 2265 diebus
879 2221 1016 2265 cerasos.
1046 2221 1141 2284 quare

129 2313 201 2356 oum
227 2289 350 2353 semina
374 2288 440 2353 sint
463 2289 530 2352 fere
552 2294 707 2373 quattuor
730 2310 903 2374 generum,
930 2309 1009 2371 quac
1026 2295 1142 2354 actura

129 2378 219 2457 dedit,
239 2400 320 2461 quae
339 2377 579 2442 transferuntur
598 2401 614 2442 c
634 2384 721 2442 terra
739 2381 774 2442 in
794 2382 914 2442 terram
932 2377 1008 2442 viva
1026 2377 1171 2461 radicari

130 2489 212 2551 quae
246 2489 285 2531 ex
318 2466 488 2532 arboribus
520 2467 653 2551 dempta
686 2467 900 2531 demittuntur
931 2466 966 2530 in
997 2465 1142 2550 humum,

131 2578 212 2641 quae
235 2557 423 2620 inseruntur
451 2578 489 2620 ex
513 2556 685 2621 arboribus
709 2557 744 2619 in
768 2555 918 2639 arbores,
942 2554 980 2618 de
1004 2555 1143 2641 singulis

128 2645 225 2709 rebus
249 2644 432 2729 videndum,
455 2667 538 2728 quae
562 2667 689 2730 quoque
711 2648 858 2728 tempore
880 2644 1015 2727 locoque
1035 2643 1144 2709 facias.

74 2750 120 2804 XL
220 2733 365 2797 Primum
389 2756 516 2817 semen,
539 2733 623 2817 quod
648 2739 698 2798 est
719 2733 916 2817 principium
938 2733 1089 2818 genendi,
1112 2733 1144 2797 id

130 2822 262 2906 duplex,
290 2844 391 2886 unum
420 2822 504 2905 quod
535 2823 616 2886 latet
644 2825 793 2887 nostrum
827 2843 971 2905 sensum,
1005 2821 1174 2891 alterumn

219 3020 237 3067 4
256 3013 281 3067 si
300 3014 399 3068 caueto
487 3020 521 3067 14
538 3015 612 3069 hanc
629 3013 718 3068 habet
734 3016 865 3068 naturam
960 3017 992 3066 17
1012 3011 1050 3066 ad
1069 3013 1163 3083 qnod*

129 3102 258 3156 quaeque
276 3087 388 3155 tempus
406 3102 451 3139 res
539 3090 571 3140 18
590 3084 724 3140 facillime
745 3083 919 3152 (facilissime
933 3085 1061 3153 plurima
1079 3101 1145 3155 ape·

130 3159 302 3284 {gummi
356 3161 391 3210 24
410 3171 482 3225 quae
501 3159 602 3210 natura
628 3157 706 3210 dedit
724 3173 774 3211 cm.
882 3160 917 3209 26
937 3155 1016 3209 uiuus
1035 3156 1146 3211 radices

219 3394 254 3442 17
273 3389 309 3442 ad
329 3387 405 3458 quod
423 3389 536 3457 tempus
555 3402 682 3456 quaeque
704 3402 749 3440 res
769 3353 916 3440 Iucundos
1024 3390 1059 3441 25
1079 3388 1147 3442 uiua

111 3457 213 3513 radice
232 3477 261 3515 m
337 3467 372 3518 29
391 3458 519 3533 genendi
537 3465 563 3517 et
582 3464 627 3528 53,
645 3463 661 3514 t
681 3456 987 3528 gemendumVietorius
