2386 3742
292 689 532 762 CAPITVLA
558 688 690 763 LIBRI
717 688 855 760 PRIMI

63 863 129 940 Qui
152 862 267 928 Graeci
289 861 328 926 de
352 863 423 947 agri
446 865 573 930 cultura
596 820 785 947 scripserint

64 951 155 1028 Quae
178 951 374 1053 diiungenda
396 951 462 1015 sint
485 952 526 1017 ab
551 951 623 1035 agri
646 951 772 1016 cultura
880 989 885 999 ·

63 1040 182 1106 Artem
206 1063 277 1105 esse
301 1040 373 1126 agri
396 1040 464 1105 cult
450 1044 558 1105 turam

36 1129 150 1214 cAgri
173 1130 239 1194 cult
225 1133 318 1193 turae
341 1129 425 1212 quod
451 1129 495 1193 sit
516 1128 649 1192 initium
672 1131 706 1192 et
729 1086 802 1212 quis
825 1126 900 1192 finis

64 1217 154 1294 Quot
175 1221 286 1302 partes
309 1217 431 1282 habeat
453 1217 625 1301 disciplina
648 1217 793 1282 culturae
818 1216 937 1301 agri

13 1305 114 1370 De
138 1307 208 1371 solo
231 1305 323 1370 fundi
346 1326 428 1389 quae
451 1307 517 1370 sint
540 1305 677 1371 videnda

64 1393 129 1470 Qui
152 1395 196 1458 sit
219 1415 296 1480 ager
319 1398 470 1479 optumus
494 1395 621 1478 etquis
646 1395 687 1459 ab
710 1415 748 1473 ec
772 1368 942 1477 proximus
948 1394 999 1454 et
1023 1390 1078 1475 qui

154 1483 305 1584 deinceps

22 1593 49 1632 ιο
65 1569 117 1635 De
139 1570 242 1635 vineis

62 1657 121 1722 De
137 1658 241 1724 modis
265 1679 418 1743 agrorum

61 1746 242 1812 Heredium
269 1752 303 1812 et
329 1748 472 1812 centuria
498 1750 532 1812 et
560 1749 662 1813 saltus
691 1768 789 1831 quare
815 1746 882 1811 sint
905 1745 958 1809 his
982 1766 1077 1810 voca-

153 1836 240 1901 bulis
264 1836 430 1920 appellata

60 1923 114 1988 De
137 1924 217 1988 villa

15 2035 44 2075 15
61 2011 114 2076 De
138 2033 221 2096 aqua
243 2012 339 2078 villae
845 2052 848 2059 -
891 2053 896 2063 ·

61 2100 115 2165 De
138 2101 266 2166 locoet
233 2101 323 2165 etin
346 2122 444 2185 quarn
468 2105 595 2186 partem
619 2101 701 2166 caeli
723 2101 804 2166 villa
826 2088 1028 2183 ponenda
1002 2100 1046 2162 srt

61 2189 114 2252 De
138 2189 235 2252 villae
257 2190 400 2254 rusticae
423 2190 637 2272 descriptione

60 2275 114 2340 De
139 2277 261 2360 saeptis
285 2299 366 2362 quae
389 2278 481 2343 fundi
504 2279 633 2343 tutandi
656 2301 753 2344 causa
775 2279 859 2342 fiunt

60 2365 114 2428 De
136 2365 257 2430 finibus
280 2366 408 2431 tuendis

12 2479 42 2518 2ο
61 2453 114 2518 De
146 2453 192 2518 eis
225 2475 308 2538 quae
339 2459 431 2519 extra
461 2453 597 2521 fundum
631 2452 799 2520 commoda
826 2453 909 2517 fiunt
942 2455 999 2516 aut
1030 2452 1077 2515 in·

155 2541 326 2607 commoda

60 2629 149 2714 Agri
172 2630 287 2714 quibus
312 2631 407 2696 rebus
431 2631 582 2696 colantur

59 2717 113 2782 De
136 2740 271 2784 numero
294 2720 503 2800 rusticorum,
533 2719 683 2804 quotenis
714 2717 821 2834 cperis
846 2717 980 2801 quisque
1005 2716 1078 2801 agri

153 2808 269 2871 modus
293 2807 357 2873 coli
379 2808 485 2892 possit

16 2893 185 3048 aeguob
175 2897 262 3048 rpgis
286 2896 385 2962 boum
409 2897 544 2982 quisque
568 2896 639 2980 agri
662 2895 777 2960 modus
801 2893 866 2959 coli
888 2892 993 2978 possit

96 3005 114 3046 e
159 3007 179 3048 u
203 3007 241 3048 us

154 3162 168 3210 1
187 3157 259 3211 Varr
247 3157 321 3213 renis
339 3159 443 3214 Rerum
461 3157 638 3213 Rusticcrum
662 3157 697 3211 de
719 3155 893 3227 agricultura
916 3155 987 3210 liber
1004 3153 1045 3208 I
1036 3173 1077 3208 ιιι·

62 3226 134 3296 cipit
150 3228 278 3283 feliciter.
317 3228 370 3295 Qui
388 3228 491 3298 graeci
601 3227 719 3294 dQued
782 3226 949 3296 disciplinae
959 3224 1107 3350 &th

63 3302 98 3422 a
116 3297 377 3440 {autistiti
396 3300 609 3444 fluuit·
601 3299 729 3449 tid
800 3304 839 3355 ‘m
856 3297 1028 3486 tm}

877 3467 880 3471 ’
926 3461 948 3506 t
