2386 3742
127 125 169 189 96
535 123 723 180 VARRONIS

74 287 80 300 ‘
128 291 241 335 acervo
265 269 353 352 posit
354 291 423 352 um,
451 273 484 333 et
507 269 614 353 plures
642 269 770 334 facilius
793 269 958 334 accedunt.
1005 269 1079 334 ideo
1103 270 1138 334 ad

126 360 278 424 bucinam
302 359 471 422 convenire
494 359 605 423 dieunt
591 362 653 443 tur,
680 363 717 422 ut
740 357 884 423 silvestri
907 359 980 423 loco
1005 357 1138 442 dispersi

76 455 170 512 21ne
194 448 387 530 dispereant
430 451 614 512 castrantur
636 469 743 511 verres
768 446 1030 511 commodissime
1055 447 1138 512 anui·

129 537 261 618 culi,u
239 536 350 620 utique
377 557 417 600 ne
444 536 586 600 minores
614 558 712 619 quam
741 539 925 601 semestres:
963 557 1027 620 quo
1056 535 1138 600 facto

127 646 245 691 nomen
268 628 398 689 mutant
421 629 517 707 atque
540 647 557 688 e
580 625 725 689 verribus
749 625 899 690 dicuntur
922 624 1067 689 maiales.
1104 625 1137 688 de
1156 645 1165 686 ι

130 714 268 779 sanitate
287 735 381 777 suum
399 735 499 777 unum
519 713 616 777 modo
635 714 773 796 exempli
786 735 884 778 causa
897 712 1012 779 dicam.
1036 713 1138 797 porois

129 803 324 868 lactentibus
353 803 381 866 si
409 801 515 867 scrofa
542 801 593 866 lac
620 823 686 866 non
709 805 818 886 potest
841 802 1059 885 suppeditare,
1087 802 1137 867 tri·

129 893 230 957 ticum
249 891 378 955 frictum
398 891 468 956 dari
487 893 616 973 oportet
631 888 779 976 (crudum
798 891 885 954 enim
904 890 1006 956 solvit
1021 887 1137 973 alvom)
1181 944 1183 973 ,

130 982 181 1045 vel
213 980 368 1044 hordeum
397 979 482 1044 obici
515 1001 553 1043 ex
583 1001 680 1063 aqua,
712 979 817 1062 quaad
844 979 926 1043 fiant
952 980 1136 1044 trimestres.

53 1070 169 1134 'ande
200 1090 335 1132 numero
368 1068 402 1131 in
433 1070 562 1132 eentum
590 1090 662 1132 sues
690 1067 799 1133 decem
826 1088 934 1132 verres
963 1069 1045 1133 satis
1075 1087 1162 1131 essen

130 1162 261 1242 putant:
284 1155 414 1239 quidam
432 1156 531 1221 etiam
550 1156 626 1221 hinc
644 1156 785 1221 demunt.
824 1177 939 1242 greges
959 1155 1135 1237 [maiorum]

130 1245 352 1329 inaequabiles
387 1244 522 1329 habent,
559 1246 614 1310 sed
647 1265 707 1330 ego
742 1245 902 1311 modicum
929 1250 1011 1328 puto
1042 1251 1135 1310 cente·

130 1335 273 1398 narium:
312 1333 437 1416 aliquot
459 1335 598 1398 maiores
621 1334 753 1417 faciunt,
783 1335 831 1398 ita
853 1336 891 1398 ut
913 1337 963 1397 ter
988 1333 1135 1418 quinqua·

132 1444 232 1508 genos
256 1422 406 1486 habeant.
453 1444 623 1504 porcorum
649 1442 779 1508 gregem
804 1423 860 1487 alii
883 1421 1061 1507 duplicant,
1090 1419 1135 1486 alii

132 1513 230 1578 etiam
249 1511 405 1576 maiorem
423 1511 554 1576 faciunt.
582 1512 688 1575 minor
706 1531 784 1595 grex
803 1533 901 1597 quam
919 1511 1026 1575 maior
1041 1510 1160 1575 minusu

133 1603 351 1684 sumptuosus,
375 1599 459 1684 quod
483 1601 617 1664 comites
640 1600 792 1664 subulcus
815 1599 984 1683 pauciores
1011 1598 1135 1684 quaerit

131 1691 242 1773 itaque
271 1688 380 1773 gregis
408 1710 579 1753 numerum
607 1693 721 1772 pastor
749 1688 790 1752 ab
819 1711 877 1752 rua
906 1687 1051 1753 utilitate
1074 1707 1135 1753 con·
1164 1704 1167 1711 ·

133 1778 252 1861 stituit,
281 1799 344 1840 non
374 1778 485 1861 utique
513 1781 592 1862 quot
619 1798 727 1842 verres
756 1777 892 1841 habeat:
930 1777 963 1841 id
992 1775 1135 1841 animab

133 1869 251 1931 natura
275 1865 473 1930 sumendum.

108 1970 134 2024 V
223 1953 313 2019 Haec
339 1956 400 2018 hic.
451 1959 485 2019 at
513 1954 651 2057 Quintus
679 1953 837 2019 Lucienus
871 1952 1018 2038 senator,
1050 1954 1161 2020 homor

136 2045 283 2146 quamvis
307 2043 466 2108 humanus
486 2066 523 2109 ac
542 2045 679 2127 ioeosus,
702 2043 868 2126 introiens,
890 2042 1064 2107 familiaris
1081 2062 1137 2108 om·

135 2134 225 2197 nium
250 2154 310 2196 nos
312 2137 408 2214 trum,
432 2129 606 2217 Synepirot
607 2155 658 2214 ae,
686 2133 804 2217 inquit,
832 2134 977 2239 χαίρετε,
1001 2129 1137 2197 Scrofam

136 2222 222 2285 enim
250 2223 283 2285 et
310 2219 490 2285 Varronem
518 2225 682 2303 nostrum,
716 2221 848 2304 [inquit]
877 2216 1038 2304 ποιμένα
1050 2219 1138 2299 λαῶν,

136 2330 232 2372 mane
256 2308 342 2372 salut
329 2308 404 2372 tavi
451 2306 532 2374 Oum
556 2311 639 2374 alius
663 2332 737 2373 eum
761 2310 846 2372 salut
832 2312 943 2392 t,asset
967 2309 1052 2374 alius
1075 2328 1138 2373 oon·

136 2397 271 2462 viciatus
295 2402 394 2481 esset,
422 2399 477 2481 qui
505 2402 574 2462 tam
605 2421 676 2463 sero
699 2397 841 2463 venisset
827 2398 904 2462 tad
927 2399 1163 2475 constituturum

135 2485 262 2552 Videbo
291 2486 357 2550 iam
384 2508 456 2568 vos,
484 2487 603 2570 inquit,
631 2487 826 2570 balatrones,
854 2489 887 2550 et
914 2486 976 2551 hoo
1005 2486 1138 2551 adferam

136 2598 245 2640 meum
269 2575 390 2640 corium
415 2580 447 2639 et
470 2576 580 2660 flagra.
626 2579 662 2639 tu
686 2597 771 2658 vero,
794 2575 905 2658 Murri,
928 2575 1002 2639 veni
1027 2575 1072 2639 mi
1093 2571 1139 2637 ad·

137 2668 285 2747 vocatus,
318 2664 394 2727 dum
428 2686 515 2728 asses
549 2666 640 2729 solvo
668 2663 821 2748 Laribus,
854 2664 883 2728 si
910 2667 1026 2747 postea
1053 2685 1072 2728 a
1096 2679 1139 2725 me

227 2845 242 2889 2
262 2837 405 2908 bucinam]
424 2837 572 2893 duodecim
591 2839 661 2904 Pol,
680 2837 835 2893 duodecem
849 2839 976 2908 plurimu
990 2835 1141 2909 apographa

138 2913 155 2960 4
178 2910 345 2963 sexmestres
440 2917 455 2964 6
484 2925 567 2979 poros
595 2880 698 2980 (potiris
720 2911 845 2980 plurima
868 2909 1045 2979 cpoprapho,
1069 2921 1141 2977 porca

140 2980 200 3035 Pol
220 2985 244 3034 et
263 2979 320 3034 cod.
340 2979 430 3048 Flor.)
504 2987 536 3035 13
557 2980 672 3049 aliquod
745 2988 777 3035 17
797 2981 832 3035 ab
853 2996 904 3034 sna
918 2981 964 3049 (ab
984 2997 1063 3035 suam
1082 2977 1142 3041 Pol,

138 3049 174 3105 ab
200 3067 250 3104 sua
275 3051 316 3105 ecl
339 3067 356 3104 a
380 3066 431 3104 sua
453 3052 519 3106 libri
542 3053 755 3121 manuscripto
847 3057 879 3106 18
905 3070 923 3104 u
924 3051 1002 3119 tique
1022 3048 1101 3121 quot]
1117 3015 1143 3101 ui

89 3176 96 3188 ,
139 3121 214 3190 qnod
300 3127 334 3175 20
353 3121 395 3193 ιι]
371 3120 451 3176 tad
537 3124 584 3194 22]
605 3122 775 3193 sinepirotae
800 3120 892 3191 inquit
911 3122 1024 3176 charete
1043 3123 1072 3176 et
1089 3135 1143 3174 uar-

139 3209 237 3247 ronem
273 3194 398 3247 nostrum
435 3192 534 3262 inquid
566 3192 769 3263 poemenalaon
802 3193 922 3248 scrofam
940 3193 1029 3246 enim
1060 3205 1144 3246 mane

139 3265 230 3389 melcegi
247 3270 340 3319 aotam
359 3265 512 3333 adpositam
530 3281 585 3320 esse
603 3267 688 3320 adnot
677 3267 747 3320 tacit
769 3265 907 3321 Victorius
968 3271 1002 3319 28
1022 3259 1145 3332 Laribus]

136 3352 250 3404 pa1us

212 3485 227 3534 1
250 3481 289 3536 ad
311 3481 452 3539 bucinam
471 3479 630 3539 conuenire
650 3478 774 3535 nemus
