2386 3742
128 131 184 195 12.
544 130 730 187 VARRONIS
836 187 839 194 .

126 277 209 342 Libo
237 276 393 360 Marcius,
419 277 602 360 praefectus
625 277 755 341 fabrum
784 281 872 359 tuoe,
900 277 934 341 in
957 276 1057 342 fundo
1082 300 1141 343 suo

30 386 37 397 '
127 365 303 431 Fauentiae
339 365 425 431 hanc
460 365 703 430 multitudinem
735 366 864 430 dicebat
896 386 971 430 suas
1006 365 1142 431 reddere

64 472 68 479 '
98 456 222 523 evites.
247 455 310 520 duo
329 454 496 539 inprimis
516 457 679 537 spectasse
699 454 848 520 videntur
865 454 971 519 Italici
990 454 1141 520 homines

126 545 163 608 ia
190 543 339 626 colende,
363 547 537 628 possentne
560 543 685 607 fructus
711 565 770 625 pro
798 543 936 627 inpensa
964 565 1001 608 ac
1028 543 1141 608 labore

127 631 232 697 redire
257 635 290 695 ct
304 634 421 696 ,utrum
442 631 574 696 'saluber
596 632 687 695 locus
711 634 797 696 esset
821 654 862 696 an
884 653 962 697 non.
1003 652 1141 715 quorum
1164 652 1174 692 s

129 720 157 784 si
181 721 375 785 alterutrum
399 721 526 784 decolat
545 723 578 785 et
595 720 699 785 nihilo
718 720 826 784 minus
846 721 918 804 quis
937 721 1008 784 vult
1026 721 1141 804 colere,

128 813 236 874 mente
269 814 320 874 est
352 813 465 892 captus
498 812 594 892 atque
627 807 668 873 ad
696 814 833 893 agnatos
862 813 896 872 et
922 808 1061 894 gentiles
1091 813 1142 874 est

20 972 22 976 ,
128 897 341 963 deducendus.
386 919 481 971 nemo
510 898 595 961 enim
619 918 717 961 sanus
741 898 837 962 debet
858 897 942 962 velle
967 898 1141 983 inpensam

128 1009 166 1052 ac
189 990 353 1071 sumptum
375 985 482 1049 facere
504 985 539 1049 in
562 987 699 1070 cultura,
722 985 750 1049 si
772 985 862 1050 videt
884 1008 951 1051 non
974 1008 1070 1071 posse
1093 1007 1140 1050 re

127 1076 195 1159 fici,
222 1096 281 1140 nec
309 1074 337 1138 si
364 1078 474 1157 potest
501 1074 632 1138 reficere
659 1074 796 1159 fructus,
824 1075 852 1138 si
878 1075 968 1139 videt
991 1096 1046 1140 eos
1070 1075 1173 1139 forero

98 1168 165 1232 eut
187 1162 376 1247 pestilentia
400 1163 595 1246 dispereant.
637 1163 701 1247 sed,
725 1163 850 1248 opinor,
873 1165 929 1247 qui
951 1164 1032 1228 haec
1056 1185 1141 1228 com·

127 1253 254 1316 modius
283 1252 453 1316 ostendere
482 1251 612 1334 possint
640 1252 765 1315 adsunt.
816 1274 893 1316 nam
921 1249 956 1318 O.
980 1252 1140 1316 Licinium

128 1338 298 1405 Stolonem
331 1344 364 1404 et
395 1337 453 1405 Cn.
486 1339 682 1404 Tremelium
714 1338 860 1405 Scrofam
892 1340 985 1405 video
1017 1340 1140 1405 venire:

127 1451 241 1512 unum,
273 1428 364 1492 cuius
396 1428 536 1493 maiores
564 1429 603 1492 de
635 1428 731 1492 modo
760 1430 832 1513 agri
859 1431 968 1513 legem
995 1430 1141 1494 tulerunt

128 1517 217 1604 (nam
234 1516 385 1582 Stolonis·
396 1517 454 1580 illa
473 1517 534 1600 lex,
553 1537 635 1601 quae
653 1520 743 1580 vetat
761 1518 835 1600 plus
854 1536 878 1581 Ι)
893 1518 1006 1602 iugera
1020 1518 1140 1582 habere
1153 1535 1175 1576 15

128 1607 231 1671 civem
254 1602 321 1691 a),
354 1627 371 1668 e
416 1605 472 1690 qui
499 1609 633 1688 propter
660 1605 866 1690 diligentiam
894 1607 1038 1689 culturae
1068 1604 1140 1670 Sto·

128 1696 238 1760 lonum
272 1693 477 1758 confirmavit
509 1715 702 1779 cognomen,
739 1695 825 1777 quod
861 1696 970 1759 nullus
1004 1695 1039 1759 in
1072 1695 1141 1759 eius

48 1844 53 1853 ,
80 1828 101 1846 s
127 1783 228 1847 fundo
255 1783 390 1866 reperiri
417 1786 548 1865 poterat
575 1783 674 1866 stolo,
702 1783 788 1866 quod
808 1783 989 1848 effodiebat
1018 1784 1141 1848 circum

128 1873 259 1937 arbores
288 1894 305 1935 c
333 1871 496 1935 radicibus
533 1892 615 1954 quae
653 1876 864 1936 nascerentur
891 1894 908 1935 e
937 1872 1022 1956 s010,
1058 1893 1141 1955 quos

128 1961 272 2026 stolones
300 1960 520 2044 appellabant.
570 1959 712 2023 eiusdem
736 1961 842 2044 gentis
867 1957 900 2026 O.
920 1960 1076 2042 Licinius,
1100 1964 1177 2026 tneo

127 2051 170 2134 pl.
189 2071 261 2115 cum
281 2053 376 2133 esset,
394 2052 470 2131 post
487 2069 580 2132 reges
599 2052 730 2112 exactos
750 2048 842 2112 annis
862 2065 1001 2113 ccccxv
1017 2050 1141 2133 primus

42 2204 91 2221 „m
128 2138 284 2223 populum
312 2137 353 2201 ad
385 2137 474 2220 leges
502 2136 705 2220 accipiendas
738 2134 779 2201 in'
801 2140 925 2220 septem
952 2139 1066 2220 iugera
1094 2136 1143 2202 fo·

76 2237 118 2294 10
128 2226 236 2290 rensia
260 2247 277 2288 e
301 2225 432 2289 comitio
461 2225 579 2289 eduxit.
616 2225 763 2289 *alterum
787 2227 944 2310 collegam
969 2230 1072 2308 tuum,
1095 2226 1143 2290 vi·

129 2315 213 2398 ginti
240 2315 345 2378 virum
374 2312 429 2396 qui
456 2313 519 2378 fuit
546 2313 587 2377 ad
615 2335 712 2398 agros
733 2314 924 2397 dividendos
948 2312 1143 2397 Campanos,

128 2402 220 2468 video
240 2402 304 2467 huc
317 2403 437 2486 venire,
456 2400 513 2467 On.
528 2401 726 2467 Tremelium
742 2401 897 2486 Scrofam,
915 2403 1020 2468 virum
1037 2403 1141 2467 omni·
1155 2420 1179 2462 a

126 2493 188 2557 bus
211 2491 388 2556 virtutibus
411 2491 563 2574 politum,
589 2491 644 2574 qui
667 2493 706 2556 de
730 2491 801 2574 agri
825 2493 952 2556 cultura
974 2491 1142 2556 Romanus

126 2581 345 2664 peritissimus
366 2580 579 2644 existimatur.
610 2579 665 2643 An
679 2602 745 2644 non
759 2580 851 2644 iure?
875 2581 1016 2664 inquam.
1049 2579 1143 2644 fundi

128 2670 214 2733 enim
233 2669 302 2733 eius
321 2672 455 2752 propter
473 2669 634 2732 culturam
653 2668 841 2734 iucundiore
861 2667 1045 2752 spectaculo
1065 2671 1144 2732 sunt

129 2758 249 2840 multis,
272 2777 369 2840 quam
392 2757 481 2840 regie
499 2756 605 2841 polita
623 2757 769 2822 aedificia
787 2759 934 2841 aliorum,
953 2779 1025 2821 cum
1044 2756 1142 2820 huius

129 2850 312 2929 spectatum
335 2844 469 2909 veniant
490 2845 599 2929 villas,
621 2867 701 2928 non,
725 2849 762 2909 ut
786 2846 869 2929 apud
893 2845 1080 2928 Lucullum,
1106 2848 1144 2910 ut
1157 2864 1180 2904 a

128 2935 260 2999 videant
285 2934 530 3017 pinacothecas,
562 2934 618 2997 sed
647 2934 871 3018 oporothecas.
920 2934 1067 3017 huiusce,
1095 2934 1144 2997 in-

128 3045 239 3107 quam,
266 3021 406 3106 pomarii
434 3044 558 3086 summa
586 3044 679 3087 sacra
707 3023 772 3105 via,
799 3023 856 3087 ubi
879 3045 978 3107 poma
1000 3027 1145 3087 veneunt

129 3115 242 3176 contra
267 3133 388 3192 aurum,
411 3111 531 3194 imago.
891 3138 908 3174 >a

219 3310 234 3357 1
253 3301 371 3356 martius
443 3308 460 3355 4
478 3301 508 3356 in
526 3318 576 3357 cm.
650 3308 665 3356 7
686 3302 777 3370 adque
796 3303 935 3375 adgnatos

111 3411 254 3421 ---.-..
259 3415 334 3421 --.-

194 3483 212 3530 7
226 3479 269 3532 ad
288 3444 491 3548 agnatos'cet
510 3483 571 3540 eod.
592 3481 663 3540 Por.
720 3446 725 3455 Ι
803 3520 808 3529 -
