2386 3742
321 127 451 183 RERVM
468 119 704 186 avsrlclavrr
723 129 791 187 LlB.
805 131 876 187 Ill'l
1041 131 1105 196 139

87 296 153 358 quo
181 273 270 339 foras
294 295 332 338 ex
354 275 555 358 peristerone
579 275 707 340 evolare
729 277 858 361 possint
879 279 1105 361 matres[que].

88 362 177 447 quod
200 362 324 427 faciunt
348 363 472 428 duabus
497 364 535 428 de
558 365 677 428 causis:
705 387 779 449 una,
802 365 830 429 si
853 366 1025 430 fastidiunt
1048 371 1105 432 aut

87 451 235 515 inclusae
258 456 501 536 consenescunt,
525 453 610 537 quod
634 453 738 518 libero
762 475 844 538 aare,
870 476 943 519 oum
967 454 1105 520 exierint

86 541 122 604 in
147 559 253 623 agros,
276 540 549 626 redintegrentur:
586 540 690 606 altera
717 543 755 606 de
779 564 878 607 causa
900 547 1034 627 propter
1057 544 1104 608 in·

60 628 209 695 elicium.
246 630 336 713 ipsae
355 629 440 694 enim
457 633 591 713 propter
608 631 726 714 pullos,
744 653 825 715 quos
844 631 974 714 habent,
991 632 1105 716 utique

86 716 237 800 redeunt,
264 717 328 782 nisi
356 740 375 782 a
403 739 500 782 corvo
528 719 652 784 occisae
680 723 736 784 aut
766 720 806 784 ab
831 721 984 805 accipitre
1007 722 1105 785 inter-

86 809 211 890 ceptae.
234 827 314 889 quos
333 806 528 872 columbarii
546 807 726 872 interficere
741 809 849 872 solent
862 810 987 873 duabus
1001 809 1103 894 virgis
1138 819 1156 877 7

85 894 222 959 viscatis
245 894 369 960 defictis
392 897 427 960 in
453 899 541 959 terra
567 896 654 960 inter
681 918 715 960 se
744 897 894 980 curvatis,
922 919 995 962 cum
1017 898 1105 963 inter

86 1004 142 1048 eas
171 984 341 1067 posuerint
369 984 549 1068 obligatum
579 985 714 1068 animal,
748 986 833 1069 quod
863 987 969 1067 [item]
994 990 1104 1070 petere

42 1097 72 1137 ro
86 1073 216 1156 soleant
248 1073 428 1157 accipitres,
460 1073 516 1157 qui
547 1074 594 1138 ita
626 1074 845 1158 decipiuntur,
877 1097 949 1139 cum
983 1097 1016 1139 se
1049 1075 1104 1140 ob-

86 1162 239 1226 leverunt
261 1162 357 1227 visco.
396 1162 563 1229 columbas
586 1162 691 1227 redire
715 1164 818 1228 solere
842 1163 882 1228 ad
901 1164 1009 1229 locum
1028 1164 1105 1229 licet

86 1249 361 1335 animadvertere,
389 1251 474 1335 quod
503 1252 597 1316 multi
625 1252 659 1316 in
687 1252 819 1318 theatro
849 1275 866 1317 e
890 1253 963 1317 sinu
987 1253 1103 1318 missas

86 1338 219 1424 faciunt,
243 1343 339 1422 atque
362 1339 403 1403 ad
425 1340 532 1404 locum
550 1341 694 1424 redeunt,
717 1363 799 1425 quae
824 1342 889 1405 nisi
906 1346 1103 1407 reverteren-

86 1431 151 1510 tur,
169 1449 236 1492 non
255 1427 488 1493 emitterentur.
522 1429 613 1493 cibus
633 1429 805 1514 adponitur
823 1431 943 1494 circum
961 1431 1103 1515 parietes
1137 1441 1156 1498 8

46 1515 122 1582 rein
151 1516 334 1595 canalibus,
362 1538 443 1600 quas
471 1519 670 1582 extrinsecus
697 1540 756 1602 per
783 1519 911 1583 fistulas
942 1519 1104 1602 supplent.

86 1604 293 1670 delectantur
315 1606 420 1690 milio,
444 1605 567 1690 tritico,
589 1606 725 1690 hordeo,
748 1607 834 1689 piso,
857 1606 992 1691 fasiolis,
1016 1629 1103 1673 ervo.

86 1695 166 1758 item
185 1694 252 1758 fere
269 1695 358 1773 haec,
376 1695 411 1758 in
429 1695 573 1759 turribus
593 1716 630 1759 ac
649 1696 785 1759 summis
803 1695 890 1760 villis
910 1696 965 1781 qui
979 1696 1103 1760 habent

87 1785 234 1867 agrestes
252 1783 428 1863 columbas,
448 1784 552 1866 quaed
571 1787 718 1868 possunt,
736 1783 938 1849 imitandum.
965 1785 999 1848 in
1018 1786 1102 1868 peri-

87 1876 237 1936 steronas
265 1875 372 1936 aetate
400 1873 488 1935 bona
521 1873 701 1955 parandum
733 1894 836 1956 neque
864 1874 970 1956 pullos
999 1895 1103 1958 neque

44 1985 72 2025 so
85 1960 224 2043 vetulas,
246 1959 383 2025 totidem
406 1982 511 2025 mares
536 1964 615 2045 quot
636 1961 784 2026 feminas.
830 1962 914 2025 nihil
944 1956 1103 2027 colurnbis
1138 1972 1156 2029 9

85 2047 264 2112 fecundius.
292 2049 402 2133 itaque
422 2049 538 2114 diebus
555 2050 772 2133 quadragenis
795 2049 939 2134 concipit
961 2055 995 2115 et
1016 2051 1105 2134 parit

87 2142 121 2201 ct
144 2137 277 2202 incubat
305 2140 338 2201 et
364 2137 488 2204 educat.
535 2142 568 2203 et
594 2139 655 2204 hoc
684 2138 751 2202 fore
777 2142 885 2227 totum
914 2160 1035 2203 annum
1058 2139 1104 2203 fa·

87 2226 191 2290 ciuntz
227 2227 454 2290 tantummodo
481 2227 690 2293 intervallum
717 2227 842 2292 faciunt
870 2250 889 2292 a
919 2229 1035 2293 bruma
1064 2230 1103 2292 ad

88 2313 331 2398 aequinoctium
360 2337 504 2379 vernum.
554 2317 637 2399 pulli
664 2321 843 2382 naseuntur
870 2316 952 2400 bini,
982 2318 1037 2401 qui
1062 2317 1104 2381 si·

44 2427 74 2470 as
88 2404 195 2467 mulae
209 2407 380 2467 creverunt
395 2408 428 2468 et
440 2404 563 2468 habent
575 2406 682 2489 robor,
702 2427 775 2469 cum
790 2405 950 2470 matribus
964 2406 1104 2488 pariunt.

88 2491 144 2575 qui
168 2492 274 2556 solent
296 2492 446 2576 saginare
467 2493 573 2577 pullos
593 2493 805 2576 columbinos,
828 2515 892 2576 quo
910 2493 1012 2576 pluris
1031 2515 1104 2558 ven-

88 2580 178 2662 dant,
201 2580 371 2644 secludunt
389 2603 454 2664 eos,
474 2602 546 2645 cum
565 2584 632 2646 iam
650 2582 763 2665 pluma
782 2586 858 2645 sunt
875 2583 962 2646 teeti.
990 2581 1104 2646 deinde

88 2669 284 2733 manducato
307 2670 445 2734 candido
469 2669 617 2735 farciunt·
632 2692 729 2754 pane:
754 2670 860 2734 hieme
883 2670 946 2734 hoc
969 2671 1030 2754 bis,
1053 2691 1104 2734 ae-

89 2761 174 2821 state
197 2761 257 2842 ter,
280 2780 373 2822 mane
396 2758 529 2822 meridie
551 2760 691 2842 vesperi:
713 2759 819 2822 hieme
843 2759 975 2823 demunt
996 2759 1104 2823 cibum
1117 2767 1158 2825 10

43 2870 75 2911 ao
89 2845 240 2911 medium.
287 2848 342 2930 qui
369 2847 435 2910 iam
462 2848 579 2931 pinnas
606 2848 768 2932 incipiunt
790 2847 922 2930 habere,
945 2848 1106 2912 relincunt

89 2934 123 2998 in
153 2934 230 2999 nido
261 2934 367 3000 inlisis
391 2937 538 3001 cruribus
562 2939 595 3000 et
617 2936 794 3022 matribus,
816 2937 948 3001 uberius
971 2940 1009 3000 ut
1032 2937 1104 3001 cibo

89 3024 139 3087 uti
157 3024 294 3108 possint,
314 3024 466 3090 obiciunt.
500 3046 537 3089 eo
557 3025 643 3089 enim
661 3028 767 3089 totum
786 3025 871 3089 diem
892 3047 926 3088 se
945 3027 979 3088 et
996 3026 1103 3108 pullos

181 3233 356 3302 lperistone
371 3233 553 3304 (peristerone
572 3234 612 3304 V)
649 3249 767 3290 euocare
802 3240 838 3288 20
852 3233 927 3301 quod
963 3233 1105 3290 schisma

88 3302 184 3358 hieme
202 3302 256 3359 hoo
274 3305 318 3360 bis
337 3305 449 3375 (hyeme
467 3306 522 3361 hoo
539 3303 584 3358 bis
608 3305 648 3375 V)
720 3310 754 3360 32
780 3305 900 3375 possunt
922 3305 1042 3376 (possint
1064 3306 1104 3376 V)

177 3486 192 3534 1
212 3481 326 3539 euolare
348 3482 470 3542 Ursinus
544 3487 664 3558 metros,
682 3482 766 3556 quod
780 3477 1041 3553 sardensium&
1053 3489 1073 3524 a
