2386 3742
143 126 186 191 82
555 127 741 184 VARRONIS

142 273 265 358 amplo,
290 290 376 357 quae
402 273 479 337 lana
507 272 684 337 multta
640 272 684 337 ait
710 273 878 359 etmolli,
905 274 996 339 villis
1025 275 1098 341 altis
1119 279 1144 340 et

142 361 325 425 denerat
291 383 345 426 oo
369 382 517 445 corpore,
547 362 688 425 maxime
711 362 831 427 circum
854 363 1013 429 cervicem
1037 368 1069 430 et
1089 365 1144 430 ool-

140 451 219 532 lam,
242 454 388 514 ventrem
411 454 599 534 quoqueut
585 449 737 514 tthabea
723 451 906 534 tpilosum.
941 453 1055 537 itaque
1073 474 1144 538 quae

141 538 173 601 id
198 560 263 603 ιιοιι
286 538 423 622 habant,
450 539 589 603 maiores
616 539 722 602 nostri
751 539 861 623 apicas
885 541 1095 625 appellabant
1114 563 1146 606 aa

140 626 327 692 reiciebant
378 648 448 691 esse
477 631 607 729 oportet
633 627 781 693 eruribus
809 628 1004 695 humilibus.
1042 630 1169 695 aaudia⁵

142 716 376 780 observantt
338 720 376 780 ut
399 716 492 780 aint'
483 719 567 780 ιιιι
535 715 567 780 It
568 716 633 780 alia
651 717 829 799 prolixia‚'
818 738 854 781 ιιι
874 714 970 800 Syria
992 718 1175 784 brevibus.-

108 805 173 868 4ιιι
196 805 309 887 primia
333 803 507 869 videndum
532 808 567 868 ut
589 804 667 868 boni
686 805 818 869 seminis
836 826 934 889 pecus
953 806 1088 873 habeas.
1119 807 1147 871 id

139 893 207 957 iere
236 914 274 957 ex
302 893 426 957 duabus
454 894 551 957 rebus
578 895 637 976 pot
638 896 687 957 est
672 893 948 979 tanimadverti,
980 916 1022 960 ex
1048 895 1147 961 forma

139 981 359 1067 etprogenie:
384 1003 423 1045 ex
442 981 604 1065 formas
578 1003 606 1045 ει
621 982 820 1047 arietes.sint
805 982 921 1048 ttfron
922 984 1030 1048 alana
1043 984 1147 1050 vestiti

138 1070 230 1153 bene,
253 1070 350 1135 tortis
374 1069 527 1134 cornibus
550 1071 662 1154 pronis
686 1071 727 1134 ad
749 1074 901 1153 rostrum,
928 1073 1017 1136 ravis
1042 1073 1172 1155 oculiad

138 1158 216 1222 lana
239 1159 361 1241 opertis
386 1159 532 1241 auribus,
563 1158 671 1242 amplo
694 1163 767 1243 peot
768 1180 836 1243 ore,
866 1161 924 1241 [et]
955 1162 1099 1245 scapulis
1120 1167 1147 1226 et
1174 1216 1176 1223 .

139 1247 288 1311 clunibus
311 1246 397 1331 latis,
420 1247 522 1311 aauda
544 1248 592 1311 lat
578 1251 612 1311 ta
631 1250 665 1311 et
683 1247 790 1333 longa.
828 1249 1145 1315 animadvertendum

139 1356 265 1420 quoque
293 1335 407 1420 lingua
435 1357 475 1400 ne
502 1335 598 1420 nigra
622 1339 678 1399 aut
699 1337 791 1401 varia
814 1337 871 1418 sit,
896 1337 981 1421 quod
1005 1338 1075 1403 fere
1097 1338 1146 1424 qni

138 1445 209 1489 eam
236 1423 358 1488 habent
365 1424 495 1577 tnigros
523 1430 580 1489 aut
608 1425 716 1489 varios
748 1433 922 1528 procreant
951 1447 1068 1512 agnos.
1112 1449 1145 1492 er

136 1513 292 1599 progenie
323 1517 379 1577 aut
381 1535 432 1576 em
462 1513 746 1598 animadvertunt,
780 1515 809 1579 si
841 1535 944 1600 agnos
976 1519 1172 1600 procreante

104 1602 305 1668 5formosos.
354 1602 388 1665 in
417 1605 506 1690 epnpt
492 1602 676 1667 tionibus
665 1623 735 1666 rura
762 1603 884 1667 utimur
906 1625 958 1682 eo,
990 1605 1078 1689 quod
1099 1606 1145 1670 lex

134 1690 353 1773 praescripsit.
398 1690 433 1753 ιιι
456 1711 494 1756 ea
508 1691 602 1755 enim
627 1690 684 1754 alii
706 1691 810 1776 plura,
842 1691 898 1756 alii
920 1693 1078 1774 pauciora
1100 1715 1144 1758 ex-

136 1778 271 1862 aipiunt:
308 1777 440 1862 quidam
468 1780 553 1843 enim
581 1783 654 1864 pret
640 1780 686 1843 tio
715 1780 802 1844 facto
830 1780 864 1844 in
895 1780 1042 1866 singulas
1067 1803 1144 1882 ovea

56 1931 59 1938 ,
135 1871 171 1931 ut
194 1867 270 1952 agni
299 1867 387 1931 cordi
415 1867 479 1932 duo
508 1889 566 1950 pro
595 1890 660 1933 una
688 1890 748 1932 ove
776 1868 986 1933 adnumerant
971 1872 1035 1952 tur,
1066 1868 1142 1935 at
1120 1892 1144 1935 ar

134 1957 212 2041 quoi
233 1958 340 2020 vetust
341 1960 393 2020 ate
416 1956 493 2021 dent
495 1977 528 2020 es
552 1957 679 2035 absunt,
704 1957 783 2020 item
807 1958 903 2021 binae
925 1979 986 2042 pro
1006 1959 1170 2045 singulisne

134 2049 172 2110 ut
190 2045 374 2129 procedant.
351 2045 447 2109 tda
466 2044 590 2161 reliquo
610 2006 743 2129 antiqua
761 2046 828 2110 fere
847 2046 988 2111 formula
1006 2051 1143 2113 utuntur

135 2155 208 2198 eum
232 2156 304 2248 emp
307 2138 359 2197 ιοι
307 2133 463 2197 ιιιιιι
449 2131 583 2197 ttanti
606 2137 683 2197 aunt
706 2134 750 2198 mi
774 2133 940 2219 emptae‘?'
964 2138 999 2199 et
1020 2135 1079 2202 ille
1101 2158 1143 2200 re

135 2221 289 2322 spondit
293 2219 380 2285 sunt'
396 2226 429 2285 et
444 2222 633 2307 expromisit
647 2244 796 2287 nummos
797 2228 955 2308 ,emptor
973 2224 1144 2309 stipulatur

104 2311 242 2394 6prisoa
273 2309 414 2373 formula
441 2310 499 2392 sio,
532 2308 654 2375 illasee
683 2333 773 2395 oves,
805 2333 870 2396 qua
897 2312 935 2376 de
963 2334 998 2378 re
1028 2315 1144 2399 agitur,

135 2421 231 2463 sanas
254 2402 340 2463 reete
365 2419 443 2481 esse,
467 2399 515 2463 uti
538 2420 635 2482 pecus
655 2401 800 2479 ovillum,
824 2401 909 2484 quod
927 2404 1014 2465 recte
1033 2415 1174 2466 sanant

135 2492 187 2553 est
209 2491 301 2552 extra
324 2449 447 2552 luseanl
467 2488 597 2552 surdam
617 2488 748 2571 minam,
772 2451 804 2552 id
823 2492 873 2553 est
891 2491 1004 2554 ventre
1023 2492 1145 2575 glabro,

133 2599 237 2661 neque
261 2578 300 2641 de
323 2597 438 2660 peeore
462 2576 616 2640 morboso
641 2598 710 2642 esse
733 2577 916 2662 habereque
936 2581 1024 2644 reete
1044 2579 1145 2662 liuere,

132 2665 214 2730 haec
242 2667 289 2731 sie
312 2669 398 2730 reete
420 2665 492 2729 fieri
521 2665 746 2747 spondesnel'.
783 2688 855 2731 eum
885 2666 919 2730 id
941 2666 1067 2732 fautum
1091 2671 1145 2751 est,

132 2757 242 2818 tamen
271 2774 349 2838 grex
377 2753 543 2818 dominum
565 2775 632 2818 non
655 2754 802 2838 mutavit,
831 2754 896 2818 nisi
920 2755 949 2820 ai
972 2759 1024 2820 est
1047 2756 1144 2822 adnu-

221 2946 341 3016 3quae]
360 2961 414 3014 quo
497 2946 679 3000 tobaeruate
747 2946 811 3000 rid
832 2946 892 3001 fieri
911 2963 945 3002 ax
962 2945 1003 3015 (id
1022 2964 1058 3003 ax
1078 2949 1146 3016 Por,

129 3015 161 3070 id
184 3015 246 3070 fieri
269 3033 303 3070 ex
325 3017 431 3086 opopa)
510 3021 543 3069 10
566 3016 672 3086 promis
746 3022 778 3071 11
798 3017 887 3087 ampli
965 3024 1000 3072 14
1018 3020 1096 3103 eam]
1115 3035 1154 3075 ea

132 3095 165 3143 16
189 3104 244 3155 quo
268 3087 312 3140 lex
335 3089 420 3155 (quod
443 3086 488 3142 lox
512 3087 551 3157 V)
642 3094 677 3143 20
701 3089 778 3159 quoi]
805 3105 876 3156 quaa
967 3095 1003 3144 24
1024 3090 1191 3161 illasque¹

133 3164 167 3214 26
192 3159 270 3213 luaoa
286 3159 405 3228 (luscam
428 3158 469 3227 V)

219 3343 324 3405 oquae
342 3336 372 3389 id
390 3351 440 3390 ma
495 3335 558 3389 rid
578 3335 671 3390 seraa
728 3341 761 3390 10
779 3337 875 3406 pronis
894 3354 942 3394 mo
998 3339 1147 3395 llamlo
1189 3340 1191 3363 ²

108 3408 235 3472 pectora
259 3407 385 3464 θνιιιικι
478 3413 513 3463 14
532 3423 598 3464 eam
612 3407 754 3462 habento
843 3413 876 3462 ιι
895 3409 922 3461 ai
938 3409 984 3464 eui
1000 3410 1039 3466 Iu
1116 3426 1147 3466 aa

99 3480 141 3529 24
157 3475 268 3535 illasee
288 3480 447 3540 Iracundus
