2386 3742
294 702 340 777 M.
369 699 586 773 TERENTI
607 686 855 772 'vassenis

160 838 319 905 RERVM
341 837 632 905 RVSTICARVM
654 838 715 904 DE
739 837 988 906 VILLATIOIS

430 943 721 1010 PASTIONIBVS

402 1069 537 1134 LIBER
561 1068 749 1135 TERTIVS

28 1267 42 1308 5
151 1226 234 1294 Oum
260 1231 341 1295 duae
368 1229 455 1295 vitae
483 1228 622 1293 traditae
650 1230 717 1292 sint
739 1229 925 1316 hominum,
956 1230 1103 1298 rustical

56 1323 92 1384 et
122 1319 259 1401 urbana,
287 1319 411 1405 quidni,
438 1317 547 1401 Pinni,
576 1315 708 1382 dubium
736 1340 804 1382 non
834 1322 884 1384 est
915 1319 994 1403 quin
1017 1320 1078 1384 hae

56 1430 129 1473 non
152 1409 257 1473 solum
280 1408 353 1473 loco
378 1407 535 1472 discretae
559 1406 635 1491 sint,
659 1407 715 1471 sed
738 1408 837 1472 etiam
860 1411 1006 1491 tempore
1031 1408 1079 1472 di·

56 1517 188 1562 versam
212 1497 372 1582 originem
394 1496 548 1560 habeant.
595 1496 760 1579 antiquior
783 1497 869 1560 enirn
898 1497 1002 1561 multo
1026 1519 1079 1561 ru·

57 1586 157 1669 stica,
183 1586 269 1668 quod
296 1585 358 1650 fuit
385 1588 526 1669 tempuS,
554 1605 628 1648 eum
655 1607 733 1649 rura
760 1586 904 1650 colerent
929 1585 1078 1650 homines

10 1680 43 1752 1'0
57 1695 163 1757 neque
190 1676 303 1740 urbem
331 1674 499 1738 haberent.
551 1672 671 1737 etenim
700 1673 960 1739 vetustissimum
989 1673 1111 1759 oppi·2

58 1763 137 1827 dum
156 1784 229 1827 cum
248 1764 293 1829 sit
310 1763 467 1827 traditum
486 1782 638 1847 graecum
657 1762 813 1827 Boeotiae
832 1762 973 1847 Thebae,
992 1763 1079 1847 quod

58 1874 116 1915 rex
140 1850 276 1937 Ogygos
301 1851 488 1940 aedificarit,
510 1852 544 1915 in
567 1872 648 1936 agro
671 1851 821 1917 Romano
845 1851 960 1936 Roma,
984 1873 1083 1936 quam

58 1939 219 2005 Romulus
242 1963 311 2025 rex,
343 1942 446 2021 [nam]
470 1940 505 2003 in
530 1939 593 2003 hoe
615 1961 700 2005 nuno
724 1939 862 2024 denique
886 1944 996 2005 estut
1019 1940 1084 2005 diei

58 2030 174 2112 possit,
196 2051 261 2095 non
285 2051 359 2094 cum
382 2028 511 2093 Ennius
535 2028 677 2113 scripsit,

16 2189 45 2230 15
105 2152 306 2236 septingenti
330 2157 407 2217 sunt
429 2153 528 2236 paulo
552 2152 626 2235 plus
651 2152 838 2216 autminus
863 2153 948 2236 anni,

108 2246 248 2324 augusto
269 2243 404 2326 augurio
423 2245 598 2325 postquam
617 2240 732 2304 inclita
751 2240 883 2306 condita
897 2240 1004 2307 Roma
1018 2245 1082 2325 est3

59 2362 202 2448 Thebae,
234 2387 316 2449 quae
349 2367 424 2429 ante
458 2363 684 2448 cataclysmon
714 2362 823 2449 Ogygi
856 2364 1005 2430 conditae
1038 2365 1113 2430 di-3

60 2456 192 2537 cuntur,
215 2475 272 2518 eae
295 2457 405 2518 tamen
429 2453 556 2518 circiter
580 2452 643 2516 duo
668 2451 759 2516 milia
780 2474 940 2517 annorum
959 2457 992 2518 et
1010 2475 1083 2517 cen·

59 2546 132 2606 tum
153 2547 236 2607 sant.
277 2542 364 2626 quod
383 2546 512 2626 tempus
532 2541 561 2605 si
579 2540 701 2605 referas
720 2540 761 2605 ad
779 2540 860 2605 illud
878 2541 1084 2627 principiam,

15 2670 43 2710 ,ο
60 2651 126 2715 quo
156 2631 226 2715 egri
256 2631 318 2696 ooli
346 2635 424 2696 sunt
451 2629 559 2715 coepti
588 2633 686 2714 atque
714 2629 748 2693 in
778 2629 862 2694 casis
886 2633 919 2694 et
942 2630 1084 2716 tuguriis

59 2719 258 2784 habitabant
289 2741 349 2785 neo
384 2740 495 2784 murus
523 2722 557 2783 et
584 2722 681 2803 porta
709 2717 785 2802 quid
813 2721 899 2784 esset
927 2719 1085 2804 sciebant,

59 2809 187 2873 inmani
209 2830 344 2873 numero
369 2830 528 2873 annorum
551 2807 694 2871 urbanos
719 2808 881 2891 agricolae
904 2813 1084 2892 praestant.

60 2918 121 2961 neo
145 2896 276 2979 mirum,
307 2897 393 2981 quod
424 2896 532 2961 divina
554 2900 672 2960 natura
695 2894 784 2960 dedit
807 2918 919 2982 agros,
947 2920 1000 2962 ars
1023 2898 1113 2962 hu-4

60 3007 160 3050 mana
183 2985 366 3051 aedificavit
389 2987 499 3066 urbes,
532 3006 605 3049 cum
628 2988 715 3048 artes
740 3006 853 3050 omnes
877 2985 1025 3051 dicantur
1047 2986 1083 3050 in

153 3164 169 3213 6
197 3159 296 3228 quidni
322 3158 402 3229 pinni
430 3158 538 3230 (quidni
565 3157 657 3228 pinnii
684 3159 791 3230 apogr.)
878 3163 913 3214 20
940 3157 1083 3229 agricolae

59 3230 120 3287 sint
139 3229 234 3300 coepti

149 3396 185 3444 20
202 3389 267 3459 agri
284 3388 339 3445 coh‘
357 3392 426 3447 sunt
445 3391 542 3464 coepti
563 3392 721 3452 lassandas
