2386 3742
275 134 406 191 RERVM
424 135 663 191 RVSTIOARVM
680 135 749 192 LIB.
768 135 794 188 ll
813 143 883 192 4-5
1044 136 1086 200 97

10 276 19 315 '
70 284 238 366 repetant,
269 285 307 345 ut
339 280 560 346 testimonium
592 281 762 365 perhibere
794 281 909 365 possis.
954 279 1114 347 Atticush

68 370 204 451 Murrio,
226 368 335 435 Narra
357 369 426 454 isti,
456 371 574 453 inquit,
598 369 723 453 eadem,
751 372 807 454 qui
831 392 995 436 sermones
1020 372 1085 436 sint

67 459 174 525 habiti
197 463 230 523 et
254 458 330 543 quid
351 458 467 542 reliqui
487 461 538 543 sit,
561 463 598 523 ut
617 458 656 522 ad
676 463 785 543 partes
804 464 938 544 paratus
958 462 1084 525 veniat:

67 570 129 614 nos
152 547 278 614 interea
297 547 471 613 secundum
495 551 603 613 actum
628 547 666 612 de
690 549 866 612 maioribus
886 549 1085 614 adtexemus.

42 636 106 702 sIn
130 657 195 722 quo
219 637 356 720 quidem,
374 637 482 720 inquit
504 636 653 721 Vaccius,
676 658 768 702 meae
789 640 908 720 partes,
931 639 1085 722 quoniam

67 727 170 792 boves
193 726 247 792 ibi
293 747 392 809 quare
416 725 533 809 dicam,
563 725 602 789 de
626 726 748 790 bubulo
772 747 888 809 pecore
912 748 1010 810 quarn
1033 748 1084 791 ac·

66 814 210 898 ceperim
242 814 423 898 scientiam,
460 817 509 898 ut,
546 814 649 898 siquis
682 814 757 897 quid
789 815 934 900 ignorat,
967 814 1085 900 discat3

66 903 171 988 siquis
195 903 269 983 scit,
299 903 442 968 nuncubi
465 902 558 967 labar
581 903 740 968 observet.
786 902 870 968 Vide
894 902 971 987 quid
995 924 1084 988 agas,

65 993 210 1075 inquam,
237 991 342 1058 Vacci.
387 1013 465 1056 nam
492 991 553 1056 bos
581 992 614 1055 in
642 991 792 1074 pecuaria
820 993 963 1057 maxima
989 992 1113 1056 debet3

32 1103 53 1144 u
66 1102 140 1145 esse
169 1081 376 1164 auctoritate,
402 1081 594 1164 praesertim
621 1081 656 1144 in
679 1080 791 1164 Italia,
819 1101 899 1164 quae
930 1104 948 1144 a
978 1080 1083 1145 bubus
1170 1091 1172 1096 '

64 1190 187 1234 nomen
213 1169 333 1233 habere
364 1169 408 1233 sit
431 1169 625 1233 existimata.
672 1168 808 1234 Graecia
832 1171 918 1235 enim
942 1171 1084 1254 antiqua,

64 1261 103 1322 nt
128 1256 244 1321 scribit
266 1257 431 1339 Timaeus,
460 1261 571 1323 tauros
598 1258 736 1323 vocabat
759 1258 871 1342 italos,
903 1280 1084 1343 equorum

64 1346 276 1411 multitudine
300 1349 332 1410 et
354 1346 591 1429 pulchritudine
616 1352 649 1410 et
668 1347 738 1411 fetu
756 1348 932 1413 vitulorum
950 1347 1082 1413 Italiam

65 1435 224 1500 dixerunt.
276 1435 331 1499 alii
359 1434 570 1518 scripserunt,
605 1435 690 1519 quod
718 1459 757 1500 ex
785 1435 898 1501 Sicilia
925 1435 1082 1501 Hercules

21 1545 52 1591 rs
65 1527 256 1608 persecutus
277 1524 320 1588 sit
338 1545 375 1589 eo
394 1523 539 1588 nobilem
558 1528 697 1608 taurum,
720 1525 776 1608 qui
795 1524 954 1590 diceretur
974 1525 1083 1589 italus.

65 1613 121 1677 hio
151 1613 255 1676 socius
282 1612 451 1677 hominum
480 1613 515 1676 in
542 1614 664 1678 rustico
693 1634 790 1697 opere
817 1619 850 1678 et
874 1613 1000 1679 Cereris
1024 1615 1083 1677 mi·

64 1702 187 1783 nister,
213 1701 340 1766 abhoc
364 1701 490 1785 antiqui
514 1703 700 1779 manus-ita
723 1702 881 1767 abstineri
903 1702 1114 1786 voluerunt,4

64 1793 105 1854 ut
128 1789 233 1873 capite
257 1791 432 1873 sanxerint,
455 1791 557 1874 siquis
581 1791 760 1856 occidisset
790 1814 853 1876 qua
876 1793 911 1856 in
934 1813 969 1855 re
987 1791 1083 1856 testis

66 1877 188 1962 Attice,
207 1880 300 1943 testis
315 1878 564 1962 Peloponnesos.
591 1901 668 1943 nam
683 1881 723 1944 ab
739 1880 800 1945 hoo
814 1902 929 1963 pecore
944 1880 1082 1944 Athenis

16 1986 50 2034 io
65 1967 217 2051 Buzuges
241 1968 444 2052 nobilitatus,
471 1965 572 2052 Argis
595 1967 814 2052 Homogyros
858 1968 955 2052 Novi,
977 1968 1084 2052 inquit

64 2056 132 2138 ille,
156 2056 358 2121 maiestatem
382 2057 480 2121 bourn
503 2062 536 2121 et
559 2057 600 2121 ab
624 2057 675 2121 his
701 2057 764 2121 dici
781 2057 936 2141 pleraque
954 2077 1082 2140 magna,

65 2148 104 2210 ut
138 2145 284 2228 busyoon
315 2145 463 2228 bupaeda
490 2145 636 2211 bulimon
666 2146 798 2231 boopin,
831 2168 927 2211 uvam
955 2166 1082 2230 quoque

64 2235 295 2298 bumammam.
341 2237 511 2319 praeterea
539 2235 605 2300 scio
628 2235 714 2300 hunc
738 2257 821 2319 esse,
852 2236 886 2299 in
910 2256 1005 2319 quem
1028 2241 1111 2318 pot

64 2322 233 2386 tissimum
259 2322 407 2407 luppiter
439 2344 474 2388 se
506 2325 673 2409 convertit,
706 2347 779 2390 oum
812 2324 995 2408 exportavit
1026 2346 1084 2407 per

11 2428 157 2482 semare
176 2432 193 2474 e
212 2410 372 2477 Phoenice
393 2434 506 2476 amans
522 2411 700 2497 lluropam3
720 2414 806 2478 hunc
826 2435 904 2496 esse,
924 2414 979 2496 qui
997 2413 1083 2476 filios

64 2498 214 2583 Neptuni
241 2522 260 2563 a
284 2499 471 2586 Menalippa
494 2503 640 2586 servarit,
667 2525 709 2567 ne
731 2504 766 2566 in
790 2502 917 2566 stabulo
940 2500 1081 2564 infantes

65 2609 146 2674 grex
169 2587 268 2653 boum
288 2590 464 2672 obtereret,
490 2589 626 2674 denique
651 2613 689 2655 ex
710 2590 773 2655 hoe
790 2589 972 2674 putrefacto
991 2589 1081 2652 nasei

65 2676 271 2742 dulcissimas
304 2700 398 2762 apes,
428 2679 534 2743 mellis
566 2683 701 2763 matres,
734 2702 753 2744 a
785 2700 848 2763 quo
881 2699 935 2742 eas
967 2675 1082 2742 Graeci

64 2765 210 2850 bugenes
235 2767 416 2852 appellant,
445 2771 477 2832 et
499 2767 585 2832 huno
608 2770 629 2848 i
652 2768 818 2832 Plautium
841 2768 986 2833 locutum
1011 2789 1082 2831 esse

156 2963 274 3013 unarra
292 2959 352 3030 isti]
370 2958 492 3014 narrasti
571 2961 706 3016 sermonis
788 2959 921 3030 5inquid
994 2959 1082 3013 tbu-

62 3029 150 3084 buleo
215 3034 246 3082 11
267 3029 316 3102 sit]
336 3028 377 3085 sio
444 3037 477 3085 15
497 3030 558 3102 qui]
577 3034 609 3086 nt
670 3036 704 3085 20
723 3029 819 3102 Argis]
840 3031 916 3100 agris
988 3028 1082 3098 inquit

63 3099 128 3182 ille]
156 3100 236 3169 inqui
258 3100 341 3155 diuae
432 3107 465 3155 22
489 3104 614 3171 bysycon
703 3102 829 3157 bolimon
920 3107 954 3156 24
977 3101 1083 3170 iupiter

63 3170 202 3242 (iuppiter
219 3172 276 3227 cod.
298 3173 377 3241 Pur.)
451 3179 485 3227 29
505 3173 631 3242 bagonos

156 3354 274 3405 2narra
292 3348 340 3405 isti
358 3351 507 3405 Iucundos
623 3367 764 3410 sermones
781 3367 829 3404 mu
939 3346 1080 3402 tbnbulo

62 3420 216 3476 Iracundus
284 3427 314 3474 11
336 3418 374 3475 sit
392 3421 587 3478 existimatae
656 3426 694 3479 tt
712 3421 766 3492 qui
781 3420 927 3476 disseratur
943 3418 1104 3494 laedones

62 3498 99 3546 20
115 3490 235 3558 Argisu
303 3491 399 3562 inquit
416 3492 469 3550 ille
493 3494 640 3555 Victorius
715 3501 755 3552 ‘lb
776 3495 936 3566 bouqsastc
952 3485 1083 3544 seuseu

107 3586 191 3626 mro
204 3597 258 3630 m.
272 3600 343 3634 nvsr.
953 3577 976 3624 ‘l
