<?xml version="1.0" encoding="UTF-8"?>
<!DOCTYPE html PUBLIC "-//W3C//DTD XHTML 1.0 Transitional//EN"
    "http://www.w3.org/TR/xhtml1/DTD/xhtml1-transitional.dtd">
<html xmlns="http://www.w3.org/1999/xhtml" xml:lang="en" lang="en">
 <head>
  <title>
</title>
<meta http-equiv="Content-Type" content="text/html;charset=utf-8" />
  <meta name='ocr-system' content='tesseract 3.04.00' />
  <meta name='ocr-capabilities' content='ocr_page ocr_carea ocr_par ocr_line ocrx_word'/>
</head>
<body>
  <div class='ocr_page' id='page_1' title='image "./mterentivarroni01varrgoog/mterentivarroni01varrgoog_0151.png"; bbox 0 0 2386 3742; ppageno 0'>
   <div class='ocr_carea' id='block_1_1' title="bbox 135 129 726 195">
    <p class='ocr_par' dir='ltr' id='par_1_1' title="bbox 135 129 726 195">
     <span class='ocr_line' id='line_1_1' title="bbox 135 129 726 195; baseline 0 -11"><span class='ocrx_word' id='word_1_1' title='bbox 135 131 199 195; x_wconf 84' lang='lat'>136</span> <span class='ocrx_word' id='word_1_2' title='bbox 540 129 726 186; x_wconf 83' lang='lat' dir='ltr'><strong>VARRONIS</strong></span> 
     </span>
    </p>
   </div>
   <div class='ocr_carea' id='block_1_2' title="bbox 84 258 1164 1865">
    <p class='ocr_par' dir='ltr' id='par_1_2' title="bbox 132 258 1144 357">
     <span class='ocr_line' id='line_1_2' title="bbox 132 258 1144 357; baseline -0.002 -17"><span class='ocrx_word' id='word_1_3' title='bbox 132 276 276 340; x_wconf 77' lang='lat' dir='ltr'>athletae</span> <span class='ocrx_word' id='word_1_4' title='bbox 300 276 504 340; x_wconf 87' lang='lat' dir='ltr'>comitiorum</span> <span class='ocrx_word' id='word_1_5' title='bbox 528 276 620 357; x_wconf 89' lang='lat' dir='ltr'>[ima]</span> <span class='ocrx_word' id='word_1_6' title='bbox 641 258 713 339; x_wconf 76' lang='lat' dir='ltr'>oum</span> <span class='ocrx_word' id='word_1_7' title='bbox 732 273 766 339; x_wconf 92' lang='lat' dir='ltr'>id</span> <span class='ocrx_word' id='word_1_8' title='bbox 784 274 855 339; x_wconf 88' lang='lat' dir='ltr'>fieri</span> <span class='ocrx_word' id='word_1_9' title='bbox 872 296 941 340; x_wconf 91' lang='lat' dir='ltr'>non</span> <span class='ocrx_word' id='word_1_10' title='bbox 960 275 1144 340; x_wconf 82' lang='lat' dir='ltr'>miraremur</span> 
     </span>
    </p>

    <p class='ocr_par' dir='ltr' id='par_1_3' title="bbox 131 363 1143 449">
     <span class='ocr_line' id='line_1_3' title="bbox 131 363 1143 449; baseline -0.001 -21"><span class='ocrx_word' id='word_1_11' title='bbox 131 369 266 449; x_wconf 90' lang='lat' dir='ltr'>propter</span> <span class='ocrx_word' id='word_1_12' title='bbox 289 365 396 429; x_wconf 87' lang='lat' dir='ltr'>studia</span> <span class='ocrx_word' id='word_1_13' title='bbox 421 365 675 449; x_wconf 86' lang='lat' dir='ltr'>suffragatorum</span> <span class='ocrx_word' id='word_1_14' title='bbox 700 367 733 428; x_wconf 90' lang='lat' dir='ltr'>et</span> <span class='ocrx_word' id='word_1_15' title='bbox 755 368 864 428; x_wconf 90' lang='lat' dir='ltr'>tamen</span> <span class='ocrx_word' id='word_1_16' title='bbox 884 363 968 428; x_wconf 90' lang='lat' dir='ltr'>scire</span> <span class='ocrx_word' id='word_1_17' title='bbox 987 364 1143 445; x_wconf 80' lang='lat' dir='ltr'><strong>vellemus,</strong></span> 
     </span>
    </p>

    <p class='ocr_par' dir='ltr' id='par_1_4' title="bbox 134 451 1140 536">
     <span class='ocr_line' id='line_1_4' title="bbox 134 451 1140 536; baseline -0.002 -19"><span class='ocrx_word' id='word_1_18' title='bbox 134 454 211 536; x_wconf 91' lang='lat' dir='ltr'>quid</span> <span class='ocrx_word' id='word_1_19' title='bbox 235 456 336 536; x_wconf 86' lang='lat' dir='ltr'>esset,</span> <span class='ocrx_word' id='word_1_20' title='bbox 364 454 455 517; x_wconf 84' lang='lat' dir='ltr'>uenit</span> <span class='ocrx_word' id='word_1_21' title='bbox 478 454 518 517; x_wconf 90' lang='lat' dir='ltr'>ad</span> <span class='ocrx_word' id='word_1_22' title='bbox 541 475 601 517; x_wconf 87' lang='lat' dir='ltr'>nos</span> <span class='ocrx_word' id='word_1_23' title='bbox 624 451 815 517; x_wconf 88' lang='lat' dir='ltr'>Pantuleius</span> <span class='ocrx_word' id='word_1_24' title='bbox 838 451 950 536; x_wconf 82' lang='lat' dir='ltr'>Parra,</span> <span class='ocrx_word' id='word_1_25' title='bbox 972 455 1089 518; x_wconf 87' lang='lat' dir='ltr'>narrat</span> <span class='ocrx_word' id='word_1_26' title='bbox 1109 451 1140 516; x_wconf 90' lang='lat' dir='ltr'>ad</span> 
     </span>
    </p>

    <p class='ocr_par' dir='ltr' id='par_1_5' title="bbox 131 541 1140 626">
     <span class='ocr_line' id='line_1_5' title="bbox 131 541 1140 626; baseline -0.001 -21"><span class='ocrx_word' id='word_1_27' title='bbox 131 543 291 624; x_wconf 85' lang='lat' dir='ltr'>tabulam,</span> <span class='ocrx_word' id='word_1_28' title='bbox 318 563 391 606; x_wconf 90' lang='lat' dir='ltr'>cum</span> <span class='ocrx_word' id='word_1_29' title='bbox 420 542 605 626; x_wconf 84' lang='lat' dir='ltr'>diriberent,</span> <span class='ocrx_word' id='word_1_30' title='bbox 636 541 796 625; x_wconf 84' lang='lat' dir='ltr'>quendam</span> <span class='ocrx_word' id='word_1_31' title='bbox 823 541 1022 624; x_wconf 89' lang='lat' dir='ltr'>deprensum</span> <span class='ocrx_word' id='word_1_32' title='bbox 1052 545 1140 605; x_wconf 90' lang='lat' dir='ltr'>tesse-</span> 
     </span>
    </p>

    <p class='ocr_par' dir='ltr' id='par_1_6' title="bbox 131 630 1163 804">
     <span class='ocr_line' id='line_1_6' title="bbox 131 630 1163 714; baseline 0.004 -22"><span class='ocrx_word' id='word_1_33' title='bbox 131 630 220 694; x_wconf 88' lang='lat' dir='ltr'>rulas</span> <span class='ocrx_word' id='word_1_34' title='bbox 240 630 429 694; x_wconf 85' lang='lat' dir='ltr'>coicientem</span> <span class='ocrx_word' id='word_1_35' title='bbox 448 631 482 694; x_wconf 90' lang='lat' dir='ltr'>in</span> <span class='ocrx_word' id='word_1_36' title='bbox 502 630 654 714; x_wconf 86' lang='lat' dir='ltr'>loculum,</span> <span class='ocrx_word' id='word_1_37' title='bbox 674 652 746 694; x_wconf 91' lang='lat' dir='ltr'>eum</span> <span class='ocrx_word' id='word_1_38' title='bbox 766 630 806 695; x_wconf 90' lang='lat' dir='ltr'>ad</span> <span class='ocrx_word' id='word_1_39' title='bbox 825 630 994 695; x_wconf 89' lang='lat' dir='ltr'>consulem</span> <span class='ocrx_word' id='word_1_40' title='bbox 1009 633 1139 694; x_wconf 84' lang='lat' dir='ltr'>tractum</span> <span class='ocrx_word' id='word_1_41' title='bbox 1155 655 1163 697; x_wconf 84' lang='lat' dir='ltr'>s</span> 
     </span>
     <span class='ocr_line' id='line_1_7' title="bbox 133 718 1140 804; baseline -0.001 -22"><span class='ocrx_word' id='word_1_42' title='bbox 133 741 152 783; x_wconf 90' lang='lat' dir='ltr'>a</span> <span class='ocrx_word' id='word_1_43' title='bbox 188 719 369 783; x_wconf 72' lang='lat' dir='ltr'><strong>fautoribus</strong></span> <span class='ocrx_word' id='word_1_44' title='bbox 397 720 647 802; x_wconf 83' lang='lat' dir='ltr'>conpetitorum.</span> <span class='ocrx_word' id='word_1_45' title='bbox 696 718 784 783; x_wconf 83' lang='lat' dir='ltr'>Pavo</span> <span class='ocrx_word' id='word_1_46' title='bbox 813 719 933 804; x_wconf 84' lang='lat' dir='ltr'>surgit,</span> <span class='ocrx_word' id='word_1_47' title='bbox 966 719 1055 802; x_wconf 91' lang='lat' dir='ltr'>quod</span> <span class='ocrx_word' id='word_1_48' title='bbox 1081 718 1140 783; x_wconf 90' lang='lat' dir='ltr'>eius</span> 
     </span>
    </p>

    <p class='ocr_par' dir='ltr' id='par_1_7' title="bbox 133 807 827 890">
     <span class='ocr_line' id='line_1_8' title="bbox 133 807 827 890; baseline 0.001 -19"><span class='ocrx_word' id='word_1_49' title='bbox 133 807 295 872; x_wconf 89' lang='lat' dir='ltr'>candidati</span> <span class='ocrx_word' id='word_1_50' title='bbox 319 811 428 871; x_wconf 88' lang='lat' dir='ltr'>custos</span> <span class='ocrx_word' id='word_1_51' title='bbox 452 808 620 873; x_wconf 70' lang='lat' dir='ltr'>dicebatur</span> <span class='ocrx_word' id='word_1_52' title='bbox 642 808 827 890; x_wconf 90' lang='lat' dir='ltr'>deprensus.</span> 
     </span>
    </p>

    <p class='ocr_par' dir='ltr' id='par_1_8' title="bbox 84 895 1164 1602">
     <span class='ocr_line' id='line_1_9' title="bbox 84 895 1140 980; baseline -0.006 -16"><span class='ocrx_word' id='word_1_53' title='bbox 84 910 124 966; x_wconf 87' lang='lat' dir='ltr'>VI</span> <span class='ocrx_word' id='word_1_54' title='bbox 221 897 337 978; x_wconf 85' lang='lat' dir='ltr'>Axius,</span> <span class='ocrx_word' id='word_1_55' title='bbox 365 895 415 959; x_wconf 91' lang='lat' dir='ltr'>De</span> <span class='ocrx_word' id='word_1_56' title='bbox 442 897 638 980; x_wconf 80' lang='lat' dir='ltr'>pavonibus,</span> <span class='ocrx_word' id='word_1_57' title='bbox 671 896 791 980; x_wconf 84' lang='lat' dir='ltr'>inquit,</span> <span class='ocrx_word' id='word_1_58' title='bbox 817 895 918 960; x_wconf 89' lang='lat' dir='ltr'>libere</span> <span class='ocrx_word' id='word_1_59' title='bbox 946 896 1027 962; x_wconf 89' lang='lat' dir='ltr'>licet</span> <span class='ocrx_word' id='word_1_60' title='bbox 1053 895 1140 978; x_wconf 83' lang='lat' dir='ltr'>dieas,</span> 
     </span>
     <span class='ocr_line' id='line_1_10' title="bbox 132 983 1139 1068; baseline -0.002 -20"><span class='ocrx_word' id='word_1_61' title='bbox 132 985 284 1068; x_wconf 89' lang='lat' dir='ltr'>quoniam</span> <span class='ocrx_word' id='word_1_62' title='bbox 308 985 458 1049; x_wconf 79' lang='lat' dir='ltr'>discessit</span> <span class='ocrx_word' id='word_1_63' title='bbox 479 984 668 1066; x_wconf 83' lang='lat' dir='ltr'>Fircellius,</span> <span class='ocrx_word' id='word_1_64' title='bbox 691 985 758 1068; x_wconf 87' lang='lat' dir='ltr'>qui,</span> <span class='ocrx_word' id='word_1_65' title='bbox 782 1006 873 1049; x_wconf 87' lang='lat' dir='ltr'>secus</span> <span class='ocrx_word' id='word_1_66' title='bbox 896 983 1006 1068; x_wconf 84' lang='lat' dir='ltr'>siquid</span> <span class='ocrx_word' id='word_1_67' title='bbox 1029 984 1139 1050; x_wconf 89' lang='lat' dir='ltr'>diceres</span> 
     </span>
     <span class='ocr_line' id='line_1_11' title="bbox 132 1072 1163 1158; baseline -0.001 -21"><span class='ocrx_word' id='word_1_68' title='bbox 132 1074 170 1137; x_wconf 90' lang='lat' dir='ltr'>de</span> <span class='ocrx_word' id='word_1_69' title='bbox 199 1074 252 1152; x_wconf 91' lang='lat' dir='ltr'>iis,</span> <span class='ocrx_word' id='word_1_70' title='bbox 286 1073 483 1158; x_wconf 80' lang='lat' dir='ltr'>gentilitatis</span> <span class='ocrx_word' id='word_1_71' title='bbox 516 1095 612 1138; x_wconf 88' lang='lat' dir='ltr'>eausa</span> <span class='ocrx_word' id='word_1_72' title='bbox 641 1072 782 1137; x_wconf 88' lang='lat' dir='ltr'>fortasse</span> <span class='ocrx_word' id='word_1_73' title='bbox 812 1095 855 1137; x_wconf 88' lang='lat' dir='ltr'>an</span> <span class='ocrx_word' id='word_1_74' title='bbox 881 1077 992 1137; x_wconf 89' lang='lat' dir='ltr'>tecum</span> <span class='ocrx_word' id='word_1_75' title='bbox 1020 1073 1163 1138; x_wconf 83' lang='lat' dir='ltr'>duceretur</span> 
     </span>
     <span class='ocr_line' id='line_1_12' title="bbox 132 1161 1139 1246; baseline 0.001 -22"><span class='ocrx_word' id='word_1_76' title='bbox 132 1184 264 1225; x_wconf 88' lang='lat' dir='ltr'>serram.</span> <span class='ocrx_word' id='word_1_77' title='bbox 311 1161 394 1237; x_wconf 82' lang='lat' dir='ltr'>Quoi</span> <span class='ocrx_word' id='word_1_78' title='bbox 418 1161 552 1246; x_wconf 84' lang='lat' dir='ltr'>Merula,</span> <span class='ocrx_word' id='word_1_79' title='bbox 575 1161 624 1225; x_wconf 93' lang='lat' dir='ltr'>De</span> <span class='ocrx_word' id='word_1_80' title='bbox 647 1162 829 1244; x_wconf 83' lang='lat' dir='ltr'>pavonibus</span> <span class='ocrx_word' id='word_1_81' title='bbox 848 1165 962 1226; x_wconf 90' lang='lat' dir='ltr'>nostra</span> <span class='ocrx_word' id='word_1_82' title='bbox 981 1161 1139 1244; x_wconf 84' lang='lat' dir='ltr'>memoria,</span> 
     </span>
     <span class='ocr_line' id='line_1_13' title="bbox 132 1249 1139 1335; baseline 0.001 -23"><span class='ocrx_word' id='word_1_83' title='bbox 132 1250 247 1332; x_wconf 87' lang='lat' dir='ltr'>inquit,</span> <span class='ocrx_word' id='word_1_84' title='bbox 274 1270 389 1334; x_wconf 84' lang='lat' dir='ltr'>greges</span> <span class='ocrx_word' id='word_1_85' title='bbox 412 1250 526 1314; x_wconf 89' lang='lat' dir='ltr'>haberi</span> <span class='ocrx_word' id='word_1_86' title='bbox 549 1250 656 1333; x_wconf 90' lang='lat' dir='ltr'>coepti</span> <span class='ocrx_word' id='word_1_87' title='bbox 680 1253 713 1314; x_wconf 84' lang='lat' dir='ltr'>et</span> <span class='ocrx_word' id='word_1_88' title='bbox 736 1251 846 1315; x_wconf 85' lang='lat' dir='ltr'>venire</span> <span class='ocrx_word' id='word_1_89' title='bbox 869 1271 1002 1335; x_wconf 90' lang='lat' dir='ltr'>magno.</span> <span class='ocrx_word' id='word_1_90' title='bbox 1047 1272 1087 1315; x_wconf 83' lang='lat' dir='ltr'>ex</span> <span class='ocrx_word' id='word_1_91' title='bbox 1106 1249 1139 1313; x_wconf 90' lang='lat' dir='ltr'>iis</span> 
     </span>
     <span class='ocr_line' id='line_1_14' title="bbox 132 1337 1139 1423; baseline 0 -22"><span class='ocrx_word' id='word_1_92' title='bbox 132 1337 175 1401; x_wconf 89' lang='lat' dir='ltr'>M.</span> <span class='ocrx_word' id='word_1_93' title='bbox 198 1338 346 1402; x_wconf 87' lang='lat' dir='ltr'>Aufidius</span> <span class='ocrx_word' id='word_1_94' title='bbox 370 1338 475 1403; x_wconf 89' lang='lat' dir='ltr'>Lurco</span> <span class='ocrx_word' id='word_1_95' title='bbox 500 1361 598 1423; x_wconf 88' lang='lat' dir='ltr'>supra</span> <span class='ocrx_word' id='word_1_96' title='bbox 621 1358 783 1422; x_wconf 85' lang='lat' dir='ltr'>sexagena</span> <span class='ocrx_word' id='word_1_97' title='bbox 806 1339 896 1403; x_wconf 91' lang='lat' dir='ltr'>milia</span> <span class='ocrx_word' id='word_1_98' title='bbox 918 1361 1087 1404; x_wconf 90' lang='lat' dir='ltr'>nummum</span> <span class='ocrx_word' id='word_1_99' title='bbox 1111 1339 1139 1401; x_wconf 90' lang='lat' dir='ltr'>in</span> 
     </span>
     <span class='ocr_line' id='line_1_15' title="bbox 132 1427 1139 1511; baseline 0.002 -22"><span class='ocrx_word' id='word_1_100' title='bbox 132 1449 217 1490; x_wconf 91' lang='lat' dir='ltr'>anno</span> <span class='ocrx_word' id='word_1_101' title='bbox 247 1427 364 1491; x_wconf 90' lang='lat' dir='ltr'>dicitur</span> <span class='ocrx_word' id='word_1_102' title='bbox 392 1449 515 1511; x_wconf 88' lang='lat' dir='ltr'>capere.</span> <span class='ocrx_word' id='word_1_103' title='bbox 560 1428 584 1492; x_wconf 90' lang='lat' dir='ltr'>ii</span> <span class='ocrx_word' id='word_1_104' title='bbox 612 1428 778 1510; x_wconf 89' lang='lat' dir='ltr'>aliquanto</span> <span class='ocrx_word' id='word_1_105' title='bbox 806 1428 977 1510; x_wconf 83' lang='lat' dir='ltr'>pauciores</span> <span class='ocrx_word' id='word_1_106' title='bbox 1002 1449 1073 1492; x_wconf 89' lang='lat' dir='ltr'>esse</span> <span class='ocrx_word' id='word_1_107' title='bbox 1095 1427 1139 1492; x_wconf 90' lang='lat' dir='ltr'>de·</span> 
     </span>
     <span class='ocr_line' id='line_1_16' title="bbox 131 1515 1164 1602; baseline 0.002 -22"><span class='ocrx_word' id='word_1_108' title='bbox 131 1517 210 1580; x_wconf 89' lang='lat' dir='ltr'>bent</span> <span class='ocrx_word' id='word_1_109' title='bbox 233 1538 337 1579; x_wconf 89' lang='lat' dir='ltr'>mares</span> <span class='ocrx_word' id='word_1_110' title='bbox 361 1538 457 1599; x_wconf 87' lang='lat' dir='ltr'>quam</span> <span class='ocrx_word' id='word_1_111' title='bbox 480 1517 636 1601; x_wconf 85' lang='lat' dir='ltr'>feminae,</span> <span class='ocrx_word' id='word_1_112' title='bbox 660 1516 688 1580; x_wconf 89' lang='lat' dir='ltr'>si</span> <span class='ocrx_word' id='word_1_113' title='bbox 711 1516 753 1580; x_wconf 91' lang='lat' dir='ltr'>ad</span> <span class='ocrx_word' id='word_1_114' title='bbox 774 1515 917 1580; x_wconf 86' lang='lat' dir='ltr'>fructum</span> <span class='ocrx_word' id='word_1_115' title='bbox 941 1521 1083 1602; x_wconf 77' lang='lat' dir='ltr'>spectes3</span> <span class='ocrx_word' id='word_1_116' title='bbox 1116 1515 1164 1582; x_wconf 85' lang='lat' dir='ltr'>siu</span> 
     </span>
    </p>

    <p class='ocr_par' dir='ltr' id='par_1_9' title="bbox 103 1604 1141 1865">
     <span class='ocr_line' id='line_1_17' title="bbox 103 1604 1139 1689; baseline 0 -20"><span class='ocrx_word' id='word_1_117' title='bbox 103 1604 174 1669; x_wconf 79' lang='lat' dir='ltr'>2ad</span> <span class='ocrx_word' id='word_1_118' title='bbox 198 1605 455 1688; x_wconf 87' lang='lat' dir='ltr'>delectationem,</span> <span class='ocrx_word' id='word_1_119' title='bbox 478 1609 605 1669; x_wconf 89' lang='lat' dir='ltr'>contra:</span> <span class='ocrx_word' id='word_1_120' title='bbox 642 1604 817 1669; x_wconf 87' lang='lat' dir='ltr'>formosior</span> <span class='ocrx_word' id='word_1_121' title='bbox 840 1605 927 1669; x_wconf 90' lang='lat' dir='ltr'>enim</span> <span class='ocrx_word' id='word_1_122' title='bbox 950 1627 1030 1670; x_wconf 88' lang='lat' dir='ltr'>mas.</span> <span class='ocrx_word' id='word_1_123' title='bbox 1075 1626 1139 1689; x_wconf 87' lang='lat' dir='ltr'>pas-</span> 
     </span>
     <span class='ocr_line' id='line_1_18' title="bbox 133 1693 1141 1779; baseline 0.002 -23"><span class='ocrx_word' id='word_1_124' title='bbox 133 1693 224 1757; x_wconf 88' lang='lat' dir='ltr'>cendi</span> <span class='ocrx_word' id='word_1_125' title='bbox 253 1713 368 1777; x_wconf 87' lang='lat' dir='ltr'>greges</span> <span class='ocrx_word' id='word_1_126' title='bbox 397 1699 552 1779; x_wconf 87' lang='lat' dir='ltr'>agrestes.</span> <span class='ocrx_word' id='word_1_127' title='bbox 597 1693 807 1758; x_wconf 88' lang='lat' dir='ltr'>transmarini</span> <span class='ocrx_word' id='word_1_128' title='bbox 835 1714 905 1757; x_wconf 89' lang='lat' dir='ltr'>esse</span> <span class='ocrx_word' id='word_1_129' title='bbox 934 1694 1085 1758; x_wconf 86' lang='lat' dir='ltr'>dicuntur</span> <span class='ocrx_word' id='word_1_130' title='bbox 1111 1694 1141 1758; x_wconf 92' lang='lat' dir='ltr'>in</span> 
     </span>
     <span class='ocr_line' id='line_1_19' title="bbox 131 1780 1140 1865; baseline 0 -21"><span class='ocrx_word' id='word_1_131' title='bbox 131 1780 261 1865; x_wconf 87' lang='lat' dir='ltr'>insulis,</span> <span class='ocrx_word' id='word_1_132' title='bbox 294 1780 384 1846; x_wconf 80' lang='lat' dir='ltr'>Sami</span> <span class='ocrx_word' id='word_1_133' title='bbox 411 1783 446 1845; x_wconf 91' lang='lat' dir='ltr'>in</span> <span class='ocrx_word' id='word_1_134' title='bbox 469 1784 542 1846; x_wconf 92' lang='lat' dir='ltr'>luco</span> <span class='ocrx_word' id='word_1_135' title='bbox 566 1782 713 1864; x_wconf 86' lang='lat' dir='ltr'>Iunonis,</span> <span class='ocrx_word' id='word_1_136' title='bbox 744 1782 822 1846; x_wconf 92' lang='lat' dir='ltr'>item</span> <span class='ocrx_word' id='word_1_137' title='bbox 848 1782 882 1845; x_wconf 94' lang='lat' dir='ltr'>in</span> <span class='ocrx_word' id='word_1_138' title='bbox 907 1782 1064 1847; x_wconf 85' lang='lat' dir='ltr'>Planasia</span> <span class='ocrx_word' id='word_1_139' title='bbox 1086 1783 1140 1863; x_wconf 87' lang='lat' dir='ltr'>[in]</span> 
     </span>
    </p>
   </div>
   <div class='ocr_carea' id='block_1_3' title="bbox 132 1869 1169 2025">
    <p class='ocr_par' dir='ltr' id='par_1_10' title="bbox 132 1869 1169 2025">
     <span class='ocr_line' id='line_1_20' title="bbox 132 1869 1141 1956; baseline 0.003 -24"><span class='ocrx_word' id='word_1_140' title='bbox 132 1869 240 1934; x_wconf 91' lang='lat' dir='ltr'>insula</span> <span class='ocrx_word' id='word_1_141' title='bbox 258 1870 301 1933; x_wconf 90' lang='grc' dir='ltr'>Μ.</span> <span class='ocrx_word' id='word_1_142' title='bbox 315 1869 452 1936; x_wconf 87' lang='lat' dir='ltr'>Pisonis.</span> <span class='ocrx_word' id='word_1_143' title='bbox 479 1871 514 1933; x_wconf 94' lang='lat' dir='ltr'>hi</span> <span class='ocrx_word' id='word_1_144' title='bbox 534 1871 573 1934; x_wconf 92' lang='lat' dir='ltr'>ad</span> <span class='ocrx_word' id='word_1_145' title='bbox 593 1892 707 1956; x_wconf 85' lang='lat' dir='ltr'>greges</span> <span class='ocrx_word' id='word_1_146' title='bbox 727 1871 970 1935; x_wconf 86' lang='lat' dir='ltr'>constituendos</span> <span class='ocrx_word' id='word_1_147' title='bbox 990 1874 1141 1955; x_wconf 86' lang='lat' dir='ltr'>parantur</span> 
     </span>
     <span class='ocr_line' id='line_1_21' title="bbox 132 1959 1169 2025; baseline 0.003 -3"><span class='ocrx_word' id='word_1_148' title='bbox 132 1959 218 2022; x_wconf 90' lang='lat' dir='ltr'>bona</span> <span class='ocrx_word' id='word_1_149' title='bbox 242 1962 348 2023; x_wconf 90' lang='lat' dir='ltr'>aetate</span> <span class='ocrx_word' id='word_1_150' title='bbox 372 1963 404 2023; x_wconf 87' lang='lat' dir='ltr'>et</span> <span class='ocrx_word' id='word_1_151' title='bbox 427 1961 513 2023; x_wconf 90' lang='lat' dir='ltr'>bona</span> <span class='ocrx_word' id='word_1_152' title='bbox 536 1959 649 2025; x_wconf 89' lang='lat' dir='ltr'>forma.</span> <span class='ocrx_word' id='word_1_153' title='bbox 686 1959 762 2023; x_wconf 91' lang='lat' dir='ltr'>huie</span> <span class='ocrx_word' id='word_1_154' title='bbox 785 1960 872 2024; x_wconf 91' lang='lat' dir='ltr'>enim</span> <span class='ocrx_word' id='word_1_155' title='bbox 889 1962 1008 2024; x_wconf 90' lang='lat' dir='ltr'>natura</span> <span class='ocrx_word' id='word_1_156' title='bbox 1025 1959 1169 2025; x_wconf 81' lang='lat' dir='ltr'>formasa</span> 
     </span>
    </p>
   </div>
   <div class='ocr_carea' id='block_1_4' title="bbox 99 2047 1172 2841">
    <p class='ocr_par' dir='ltr' id='par_1_11' title="bbox 99 2047 1172 2841">
     <span class='ocr_line' id='line_1_22' title="bbox 132 2047 1141 2130; baseline 0.001 -20"><span class='ocrx_word' id='word_1_157' title='bbox 132 2069 149 2110; x_wconf 92' lang='lat' dir='ltr'>e</span> <span class='ocrx_word' id='word_1_158' title='bbox 174 2047 358 2112; x_wconf 86' lang='lat' dir='ltr'>volueribus</span> <span class='ocrx_word' id='word_1_159' title='bbox 383 2048 471 2112; x_wconf 91' lang='lat' dir='ltr'>dedit</span> <span class='ocrx_word' id='word_1_160' title='bbox 493 2048 646 2130; x_wconf 88' lang='lat' dir='ltr'>palmam.</span> <span class='ocrx_word' id='word_1_161' title='bbox 685 2048 725 2112; x_wconf 92' lang='lat' dir='ltr'>ad</span> <span class='ocrx_word' id='word_1_162' title='bbox 750 2048 963 2112; x_wconf 91' lang='lat' dir='ltr'>admissuram</span> <span class='ocrx_word' id='word_1_163' title='bbox 986 2048 1068 2113; x_wconf 89' lang='lat' dir='ltr'>haec</span> <span class='ocrx_word' id='word_1_164' title='bbox 1089 2048 1141 2112; x_wconf 90' lang='lat' dir='ltr'>mi·</span> 
     </span>
     <span class='ocr_line' id='line_1_23' title="bbox 101 2136 1141 2220; baseline -0.002 -19"><span class='ocrx_word' id='word_1_165' title='bbox 101 2144 228 2201; x_wconf 90' lang='lat' dir='ltr'>3n0res</span> <span class='ocrx_word' id='word_1_166' title='bbox 252 2136 360 2200; x_wconf 91' lang='lat' dir='ltr'>bimae</span> <span class='ocrx_word' id='word_1_167' title='bbox 382 2158 449 2201; x_wconf 91' lang='lat' dir='ltr'>non</span> <span class='ocrx_word' id='word_1_168' title='bbox 472 2136 607 2202; x_wconf 88' lang='lat' dir='ltr'>idoneae</span> <span class='ocrx_word' id='word_1_169' title='bbox 630 2159 689 2201; x_wconf 91' lang='lat' dir='ltr'>nee</span> <span class='ocrx_word' id='word_1_170' title='bbox 712 2137 777 2200; x_wconf 92' lang='lat' dir='ltr'>iam</span> <span class='ocrx_word' id='word_1_171' title='bbox 797 2137 937 2200; x_wconf 89' lang='lat' dir='ltr'>maiores</span> <span class='ocrx_word' id='word_1_172' title='bbox 955 2139 1045 2201; x_wconf 84' lang='lat' dir='ltr'>natu.</span> <span class='ocrx_word' id='word_1_173' title='bbox 1078 2158 1141 2220; x_wconf 89' lang='lat' dir='ltr'>pas·</span> 
     </span>
     <span class='ocr_line' id='line_1_24' title="bbox 132 2225 1141 2311; baseline 0 -24"><span class='ocrx_word' id='word_1_174' title='bbox 132 2228 249 2288; x_wconf 86' lang='lat' dir='ltr'>cuntur</span> <span class='ocrx_word' id='word_1_175' title='bbox 273 2246 367 2288; x_wconf 89' lang='lat' dir='ltr'>omne</span> <span class='ocrx_word' id='word_1_176' title='bbox 391 2245 493 2309; x_wconf 87' lang='lat' dir='ltr'>genus</span> <span class='ocrx_word' id='word_1_177' title='bbox 517 2225 644 2290; x_wconf 90' lang='lat' dir='ltr'>obiecto</span> <span class='ocrx_word' id='word_1_178' title='bbox 663 2225 837 2311; x_wconf 86' lang='lat' dir='ltr'>frumento,</span> <span class='ocrx_word' id='word_1_179' title='bbox 859 2225 999 2289; x_wconf 87' lang='lat' dir='ltr'>maxime</span> <span class='ocrx_word' id='word_1_180' title='bbox 1018 2225 1141 2290; x_wconf 89' lang='lat' dir='ltr'>hordeo.</span> 
     </span>
     <span class='ocr_line' id='line_1_25' title="bbox 131 2310 1142 2397; baseline 0.003 -22"><span class='ocrx_word' id='word_1_181' title='bbox 131 2312 241 2395; x_wconf 90' lang='lat' dir='ltr'>itaque</span> <span class='ocrx_word' id='word_1_182' title='bbox 271 2310 362 2376; x_wconf 82' lang='lat' dir='ltr'>Seius</span> <span class='ocrx_word' id='word_1_183' title='bbox 395 2313 436 2377; x_wconf 89' lang='lat' dir='ltr'>iis</span> <span class='ocrx_word' id='word_1_184' title='bbox 466 2313 522 2377; x_wconf 90' lang='lat' dir='ltr'>dat</span> <span class='ocrx_word' id='word_1_185' title='bbox 549 2314 584 2377; x_wconf 93' lang='lat' dir='ltr'>in</span> <span class='ocrx_word' id='word_1_186' title='bbox 611 2336 739 2379; x_wconf 89' lang='lat' dir='ltr'>menses</span> <span class='ocrx_word' id='word_1_187' title='bbox 768 2315 915 2397; x_wconf 88' lang='lat' dir='ltr'>singulos</span> <span class='ocrx_word' id='word_1_188' title='bbox 942 2314 1059 2379; x_wconf 92' lang='lat' dir='ltr'>hordei</span> <span class='ocrx_word' id='word_1_189' title='bbox 1085 2314 1142 2378; x_wconf 92' lang='lat' dir='ltr'>sin·</span> 
     </span>
     <span class='ocr_line' id='line_1_26' title="bbox 132 2401 1172 2487; baseline 0.003 -23"><span class='ocrx_word' id='word_1_190' title='bbox 132 2401 226 2485; x_wconf 88' lang='lat' dir='ltr'>gulos</span> <span class='ocrx_word' id='word_1_191' title='bbox 251 2401 385 2483; x_wconf 90' lang='lat' dir='ltr'>modios,</span> <span class='ocrx_word' id='word_1_192' title='bbox 408 2401 456 2465; x_wconf 89' lang='lat' dir='ltr'>ita</span> <span class='ocrx_word' id='word_1_193' title='bbox 479 2403 572 2467; x_wconf 91' lang='lat' dir='ltr'>utin</span> <span class='ocrx_word' id='word_1_194' title='bbox 595 2403 701 2467; x_wconf 83' lang='lat' dir='ltr'>fetura</span> <span class='ocrx_word' id='word_1_195' title='bbox 724 2404 779 2466; x_wconf 91' lang='lat' dir='ltr'>det</span> <span class='ocrx_word' id='word_1_196' title='bbox 801 2402 947 2486; x_wconf 80' lang='lat' dir='ltr'>uberius,</span> <span class='ocrx_word' id='word_1_197' title='bbox 974 2405 1172 2487; x_wconf 82' lang='lat' dir='ltr'>antequams</span> 
     </span>
     <span class='ocr_line' id='line_1_27' title="bbox 132 2490 1143 2576; baseline 0 -22"><span class='ocrx_word' id='word_1_198' title='bbox 132 2490 228 2554; x_wconf 89' lang='lat' dir='ltr'>salire</span> <span class='ocrx_word' id='word_1_199' title='bbox 256 2490 424 2574; x_wconf 87' lang='lat' dir='ltr'>incipiant.</span> <span class='ocrx_word' id='word_1_200' title='bbox 468 2492 504 2555; x_wconf 84' lang='lat' dir='ltr'>u&#39;u</span> <span class='ocrx_word' id='word_1_201' title='bbox 531 2491 591 2556; x_wconf 88' lang='lat' dir='ltr'>has</span> <span class='ocrx_word' id='word_1_202' title='bbox 621 2513 640 2555; x_wconf 90' lang='lat' dir='ltr'>a</span> <span class='ocrx_word' id='word_1_203' title='bbox 667 2496 877 2576; x_wconf 89' lang='lat' dir='ltr'>procuratore</span> <span class='ocrx_word' id='word_1_204' title='bbox 908 2495 1018 2555; x_wconf 85' lang='lat' dir='ltr'>ternos</span> <span class='ocrx_word' id='word_1_205' title='bbox 1041 2492 1143 2575; x_wconf 91' lang='lat' dir='ltr'>pullos</span> 
     </span>
     <span class='ocr_line' id='line_1_28' title="bbox 131 2579 1144 2665; baseline 0 -23"><span class='ocrx_word' id='word_1_206' title='bbox 131 2579 234 2663; x_wconf 84' lang='lat' dir='ltr'>exigit</span> <span class='ocrx_word' id='word_1_207' title='bbox 261 2601 392 2663; x_wconf 90' lang='lat' dir='ltr'>eosque,</span> <span class='ocrx_word' id='word_1_208' title='bbox 426 2601 498 2644; x_wconf 89' lang='lat' dir='ltr'>cum</span> <span class='ocrx_word' id='word_1_209' title='bbox 527 2585 710 2663; x_wconf 84' lang='lat' dir='ltr'>creverunt,</span> <span class='ocrx_word' id='word_1_210' title='bbox 743 2580 978 2665; x_wconf 89' lang='lat' dir='ltr'>quinquagenis</span> <span class='ocrx_word' id='word_1_211' title='bbox 1007 2580 1144 2644; x_wconf 90' lang='lat' dir='ltr'>denariis</span> 
     </span>
     <span class='ocr_line' id='line_1_29' title="bbox 99 2667 1144 2753; baseline 0.001 -21"><span class='ocrx_word' id='word_1_212' title='bbox 99 2667 250 2751; x_wconf 84' lang='lat' dir='ltr'>4uendit,</span> <span class='ocrx_word' id='word_1_213' title='bbox 273 2669 426 2732; x_wconf 90' lang='lat' dir='ltr'>utnulla</span> <span class='ocrx_word' id='word_1_214' title='bbox 449 2668 518 2733; x_wconf 85' lang='lat' dir='ltr'>auis</span> <span class='ocrx_word' id='word_1_215' title='bbox 542 2670 627 2732; x_wconf 91' lang='lat' dir='ltr'>hune</span> <span class='ocrx_word' id='word_1_216' title='bbox 651 2668 845 2753; x_wconf 90' lang='lat' dir='ltr'>adsequatur</span> <span class='ocrx_word' id='word_1_217' title='bbox 867 2669 1019 2732; x_wconf 87' lang='lat' dir='ltr'>fructum.</span> <span class='ocrx_word' id='word_1_218' title='bbox 1058 2689 1144 2753; x_wconf 79' lang='lat' dir='ltr'>prae</span> 
     </span>
     <span class='ocr_line' id='line_1_30' title="bbox 131 2756 1145 2841; baseline 0.004 -23"><span class='ocrx_word' id='word_1_219' title='bbox 131 2757 222 2820; x_wconf 85' lang='lat' dir='ltr'>terea</span> <span class='ocrx_word' id='word_1_220' title='bbox 241 2777 302 2820; x_wconf 83' lang='lat' dir='ltr'>oua</span> <span class='ocrx_word' id='word_1_221' title='bbox 321 2756 401 2820; x_wconf 89' lang='lat' dir='ltr'>emit</span> <span class='ocrx_word' id='word_1_222' title='bbox 420 2778 457 2820; x_wconf 91' lang='lat' dir='ltr'>ae</span> <span class='ocrx_word' id='word_1_223' title='bbox 478 2758 633 2840; x_wconf 91' lang='lat' dir='ltr'>supponit</span> <span class='ocrx_word' id='word_1_224' title='bbox 651 2758 790 2841; x_wconf 86' lang='lat' dir='ltr'>gallinis,</span> <span class='ocrx_word' id='word_1_225' title='bbox 814 2779 853 2821; x_wconf 88' lang='lat' dir='ltr'>ex</span> <span class='ocrx_word' id='word_1_226' title='bbox 873 2757 991 2840; x_wconf 92' lang='lat' dir='ltr'>quibus</span> <span class='ocrx_word' id='word_1_227' title='bbox 1016 2759 1071 2837; x_wconf 86' lang='lat' dir='ltr'>[ex</span> <span class='ocrx_word' id='word_1_228' title='bbox 1093 2757 1145 2837; x_wconf 88' lang='lat' dir='ltr'>iis]</span> 
     </span>
    </p>
   </div>
   <div class='ocr_carea' id='block_1_5' title="bbox 129 2911 1187 3203">
    <p class='ocr_par' dir='ltr' id='par_1_12' title="bbox 129 2911 1187 3203">
     <span class='ocr_line' id='line_1_31' title="bbox 219 2911 1146 2984; baseline 0.005 -20"><span class='ocrx_word' id='word_1_229' title='bbox 219 2911 379 2966; x_wconf 87' lang='lat' dir='ltr'>lathietae</span> <span class='ocrx_word' id='word_1_230' title='bbox 430 2912 684 2983; x_wconf 77' lang='lat' dir='ltr'>2suffragaturum</span> <span class='ocrx_word' id='word_1_231' title='bbox 704 2913 930 2983; x_wconf 80' lang='lat' dir='ltr'>(suffragatorum</span> <span class='ocrx_word' id='word_1_232' title='bbox 954 2912 994 2982; x_wconf 88' lang='lat' dir='ltr'>V)</span> <span class='ocrx_word' id='word_1_233' title='bbox 1044 2919 1146 2984; x_wconf 70' lang='lat' dir='ltr'>Span-</span> 
     </span>
     <span class='ocr_line' id='line_1_32' title="bbox 129 2982 1146 3054; baseline 0.001 -18"><span class='ocrx_word' id='word_1_234' title='bbox 129 2983 191 3037; x_wconf 89' lang='lat' dir='ltr'>tula</span> <span class='ocrx_word' id='word_1_235' title='bbox 206 2982 265 3046; x_wconf 79' lang='lat' dir='ltr'>eius</span> <span class='ocrx_word' id='word_1_236' title='bbox 320 2986 418 3037; x_wconf 89' lang='lat' dir='ltr'>narrat</span> <span class='ocrx_word' id='word_1_237' title='bbox 432 2984 589 3038; x_wconf 85' lang='lat' dir='ltr'>attabulam</span> <span class='ocrx_word' id='word_1_238' title='bbox 626 2984 691 3039; x_wconf 91' lang='lat' dir='ltr'>8de</span> <span class='ocrx_word' id='word_1_239' title='bbox 707 3001 816 3054; x_wconf 89' lang='lat' dir='ltr'>pauone</span> <span class='ocrx_word' id='word_1_240' title='bbox 854 2982 976 3053; x_wconf 84' lang='lat' dir='ltr'>9siquit</span> <span class='ocrx_word' id='word_1_241' title='bbox 1014 2989 1046 3038; x_wconf 92' lang='lat'>11</span> <span class='ocrx_word' id='word_1_242' title='bbox 1068 2983 1146 3054; x_wconf 87' lang='lat' dir='ltr'>quoi]</span> 
     </span>
     <span class='ocr_line' id='line_1_33' title="bbox 130 3053 1146 3126; baseline 0.001 -19"><span class='ocrx_word' id='word_1_243' title='bbox 130 3055 178 3123; x_wconf 92' lang='lat' dir='ltr'>qui</span> <span class='ocrx_word' id='word_1_244' title='bbox 251 3059 286 3107; x_wconf 81' lang='lat'>12</span> <span class='ocrx_word' id='word_1_245' title='bbox 305 3053 403 3123; x_wconf 86' lang='lat' dir='ltr'>inquid</span> <span class='ocrx_word' id='word_1_246' title='bbox 475 3053 584 3126; x_wconf 87' lang='lat' dir='ltr'>uenire]</span> <span class='ocrx_word' id='word_1_247' title='bbox 603 3058 701 3110; x_wconf 84' lang='lat' dir='ltr'>uentre</span> <span class='ocrx_word' id='word_1_248' title='bbox 762 3060 794 3108; x_wconf 90' lang='grc'>13</span> <span class='ocrx_word' id='word_1_249' title='bbox 813 3054 910 3123; x_wconf 78' lang='lat' dir='ltr'>lyreho</span> <span class='ocrx_word' id='word_1_250' title='bbox 974 3054 1146 3110; x_wconf 75' lang='lat' dir='ltr'>mimulam</span> 
     </span>
     <span class='ocr_line' id='line_1_34' title="bbox 129 3122 1187 3203; baseline 0 -25"><span class='ocrx_word' id='word_1_251' title='bbox 129 3124 238 3194; x_wconf 89' lang='lat' dir='ltr'>pisonis</span> <span class='ocrx_word' id='word_1_252' title='bbox 257 3123 361 3192; x_wconf 86' lang='lat' dir='ltr'>(insula</span> <span class='ocrx_word' id='word_1_253' title='bbox 379 3123 486 3194; x_wconf 90' lang='lat' dir='ltr'>pisonis</span> <span class='ocrx_word' id='word_1_254' title='bbox 508 3125 546 3196; x_wconf 89' lang='lat' dir='ltr'>V)</span> <span class='ocrx_word' id='word_1_255' title='bbox 588 3131 622 3180; x_wconf 82' lang='lat'>26</span> <span class='ocrx_word' id='word_1_256' title='bbox 641 3124 671 3180; x_wconf 90' lang='lat' dir='ltr'>in</span> <span class='ocrx_word' id='word_1_257' title='bbox 690 3131 753 3182; x_wconf 83' lang='lat' dir='ltr'>aute</span> <span class='ocrx_word' id='word_1_258' title='bbox 771 3125 823 3180; x_wconf 91' lang='lat' dir='ltr'>has</span> <span class='ocrx_word' id='word_1_259' title='bbox 842 3143 891 3182; x_wconf 88' lang='lat' dir='ltr'>om.</span> <span class='ocrx_word' id='word_1_260' title='bbox 939 3130 973 3181; x_wconf 75' lang='lat'>28</span> <span class='ocrx_word' id='word_1_261' title='bbox 993 3125 1067 3197; x_wconf 85' lang='lat' dir='ltr'>avis]</span> <span class='ocrx_word' id='word_1_262' title='bbox 1088 3126 1147 3182; x_wconf 92' lang='lat' dir='ltr'>ouis</span> <span class='ocrx_word' id='word_1_263' title='bbox 1184 3122 1187 3203; x_wconf 71' lang='lat' dir='ltr'>l</span> 
     </span>
    </p>
   </div>
   <div class='ocr_carea' id='block_1_6' title="bbox 105 3266 1146 3541">
    <p class='ocr_par' dir='ltr' id='par_1_13' title="bbox 119 3266 1146 3467">
     <span class='ocr_line' id='line_1_35' title="bbox 220 3266 1145 3338; baseline 0.002 -19"><span class='ocrx_word' id='word_1_264' title='bbox 220 3272 234 3319; x_wconf 92' lang='lat'>1</span> <span class='ocrx_word' id='word_1_265' title='bbox 264 3266 388 3323; x_wconf 82' lang='lat' dir='ltr'>athletae</span> <span class='ocrx_word' id='word_1_266' title='bbox 417 3267 564 3322; x_wconf 76' lang='lat' dir='ltr'>Iucundos</span> <span class='ocrx_word' id='word_1_267' title='bbox 652 3275 667 3322; x_wconf 82' lang='lat'><strong>3</strong></span> <span class='ocrx_word' id='word_1_268' title='bbox 696 3267 858 3323; x_wconf 83' lang='lat' dir='ltr'>Pantuleius</span> <span class='ocrx_word' id='word_1_269' title='bbox 886 3285 903 3324; x_wconf 88' lang='lat' dir='ltr'>c</span> <span class='ocrx_word' id='word_1_270' title='bbox 988 3275 1005 3322; x_wconf 90' lang='lat'>8</span> <span class='ocrx_word' id='word_1_271' title='bbox 1033 3268 1071 3322; x_wconf 88' lang='lat' dir='ltr'>de</span> <span class='ocrx_word' id='word_1_272' title='bbox 1097 3283 1145 3338; x_wconf 88' lang='lat' dir='ltr'>pa·</span> 
     </span>
     <span class='ocr_line' id='line_1_36' title="bbox 129 3337 1146 3394; baseline 0 -2"><span class='ocrx_word' id='word_1_273' title='bbox 129 3339 248 3394; x_wconf 86' lang='lat' dir='ltr'>nonibus</span> <span class='ocrx_word' id='word_1_274' title='bbox 266 3356 293 3392; x_wconf 84' lang='lat' dir='ltr'>uu</span> <span class='ocrx_word' id='word_1_275' title='bbox 367 3342 399 3390; x_wconf 89' lang='lat'>11</span> <span class='ocrx_word' id='word_1_276' title='bbox 419 3338 464 3391; x_wconf 92' lang='lat' dir='ltr'>cui</span> <span class='ocrx_word' id='word_1_277' title='bbox 482 3337 591 3392; x_wconf 90' lang='lat' dir='ltr'>Merula</span> <span class='ocrx_word' id='word_1_278' title='bbox 608 3339 754 3394; x_wconf 84' lang='lat' dir='ltr'>Iueuudus</span> <span class='ocrx_word' id='word_1_279' title='bbox 834 3344 866 3392; x_wconf 78' lang='lat'>12</span> <span class='ocrx_word' id='word_1_280' title='bbox 886 3337 983 3394; x_wconf 89' lang='lat' dir='ltr'>uenire</span> <span class='ocrx_word' id='word_1_281' title='bbox 1007 3338 1146 3394; x_wconf 80' lang='lat' dir='ltr'>Victorius</span> 
     </span>
     <span class='ocr_line' id='line_1_37' title="bbox 119 3408 1145 3467; baseline 0.003 -5"><span class='ocrx_word' id='word_1_282' title='bbox 119 3415 157 3462; x_wconf 80' lang='lat'>13</span> <span class='ocrx_word' id='word_1_283' title='bbox 178 3409 271 3466; x_wconf 80' lang='lat' dir='ltr'>Lurco</span> <span class='ocrx_word' id='word_1_284' title='bbox 295 3409 446 3467; x_wconf 74' lang='lat' dir='ltr'>Iucundos</span> <span class='ocrx_word' id='word_1_285' title='bbox 518 3414 553 3464; x_wconf 81' lang='grc'>18</span> <span class='ocrx_word' id='word_1_286' title='bbox 574 3409 607 3464; x_wconf 89' lang='lat' dir='ltr'>in</span> <span class='ocrx_word' id='word_1_287' title='bbox 627 3410 760 3465; x_wconf 83' lang='lat' dir='ltr'>Planasia</span> <span class='ocrx_word' id='word_1_288' title='bbox 784 3410 877 3465; x_wconf 84' lang='lat' dir='ltr'>insula</span> <span class='ocrx_word' id='word_1_289' title='bbox 902 3408 939 3464; x_wconf 87' lang='lat' dir='ltr'>M.</span> <span class='ocrx_word' id='word_1_290' title='bbox 962 3408 1075 3466; x_wconf 87' lang='lat' dir='ltr'>Pisonis</span> <span class='ocrx_word' id='word_1_291' title='bbox 1098 3409 1145 3465; x_wconf 77' lang='lat' dir='ltr'>Iu</span> 
     </span>
    </p>

    <p class='ocr_par' dir='ltr' id='par_1_14' title="bbox 105 3481 698 3541">
     <span class='ocr_line' id='line_1_38' title="bbox 105 3481 698 3541; baseline 0.003 -7"><span class='ocrx_word' id='word_1_292' title='bbox 105 3483 222 3537; x_wconf 78' lang='lat' dir='ltr'>eundae</span> <span class='ocrx_word' id='word_1_293' title='bbox 281 3489 319 3540; x_wconf 83' lang='lat'>29</span> <span class='ocrx_word' id='word_1_294' title='bbox 341 3501 376 3540; x_wconf 83' lang='lat' dir='ltr'>ex</span> <span class='ocrx_word' id='word_1_295' title='bbox 395 3483 433 3540; x_wconf 92' lang='lat' dir='ltr'>iis</span> <span class='ocrx_word' id='word_1_296' title='bbox 452 3483 554 3541; x_wconf 78' lang='lat' dir='ltr'>deleuit</span> <span class='ocrx_word' id='word_1_297' title='bbox 575 3481 698 3538; x_wconf 84' lang='lat' dir='ltr'>Urstuus</span> 
     </span>
    </p>
   </div>
   <div class='ocr_carea' id='block_1_7' title="bbox 0 0 1204 3742">
    <p class='ocr_par' dir='ltr' id='par_1_15' title="bbox 0 0 1204 3742">
     <span class='ocr_line' id='line_1_39' title="bbox 0 0 1204 3742; baseline 0 0"><span class='ocrx_word' id='word_1_298' title='bbox 0 0 1204 3742; x_wconf 95' lang='lat' dir='ltr'> </span> 
     </span>
    </p>
   </div>
  </div>
 </body>
</html>
