2386 3742
108 115 172 178 116
525 113 712 170 VARRONIS

105 261 174 326 fere
197 263 231 324 et
254 259 396 324 nutrices
425 263 458 323 et
487 263 608 325 matres
633 261 770 342 [semeIJ.
816 258 919 325 Simul
943 261 1064 344 aspicit
1087 260 1124 325 ad

107 371 158 414 me
182 354 229 433 et,
251 347 298 412 Vt
321 353 352 412 te
376 348 464 413 audii
488 348 609 432 dicere,
631 350 757 434 inquit,
780 371 852 414 eum
875 349 910 413 in
933 349 1124 416 Liburniam

106 439 265 520 venisses,
302 441 335 500 te
373 437 493 502 vidisse
525 440 645 502 matres
677 438 820 502 familias
852 459 966 502 eorum
1000 438 1123 504 adferre

106 528 197 611 ligna
224 528 258 590 et
285 525 383 590 simul
410 548 541 610 pueros,
575 548 656 609 quos
686 527 824 610 alerent,
857 527 938 591 alias
970 527 1124 612 singulm,

108 616 189 679 alias
217 615 328 717 binoa,
355 637 437 699 quae
461 614 674 679 ostenderunt
699 616 785 680 fetas
809 618 953 698 nostras,
984 638 1070 701 quae
1092 616 1142 680 ins

107 705 254 790 conupiis
278 704 387 768 iacent
406 703 473 768 dies
493 704 626 787 aliquot,
650 725 720 768 esse
741 704 904 769 eiuneidas
924 725 963 769 ae
981 708 1060 770 cont
1061 727 1121 771 em·

79 794 240 862 tuendas.
278 791 339 858 Oui
363 813 433 877 ego,
458 789 552 856 Certe
536 793 729 877 e,inquam:
753 815 830 858 nam
853 793 887 857 in
909 792 1043 876 Illyrieo
1066 794 1121 858 hoe

108 883 258 967 amplius,
275 885 488 966 praegnatem
504 903 609 965 saepe,
628 903 702 946 eum
719 882 810 946 venit
824 882 973 966 pariendi
986 886 1120 967 tempus

107 993 175 1036 non
202 972 299 1056 longe
328 972 369 1036 ab
396 992 493 1054 opere
517 969 678 1035 diseedere
701 971 810 1054 ibique
834 971 965 1036 enixam
987 992 1119 1055 puerum
1164 936 1167 1029 i

107 1061 237 1143 referre,
260 1082 354 1144 quem
376 1081 442 1124 ιιοιι
464 1060 638 1144 peperisse,
661 1060 717 1124 sed
739 1059 902 1124 invenisse
924 1063 1036 1144 putes3
1068 1076 1146 1124 nect

106 1170 175 1220 non
198 1148 298 1213 etiam
320 1149 392 1232 hoe,
416 1170 496 1232 quas
519 1149 662 1234 virgines
681 1149 728 1213 ibi
750 1148 928 1233 appellant,
951 1170 1020 1214 non
1038 1170 1119 1214 num·

109 1259 207 1322 quam
232 1258 390 1302 annorum
413 1237 547 1322 viginti,
569 1237 687 1321 quibus
711 1258 782 1302 mos
806 1259 918 1303 eorum
940 1258 1010 1303 non
1034 1238 1130 1303 dene·

110 1326 215 1411 gavit,
238 1329 314 1390 ante
334 1326 464 1409 nuptias
483 1329 521 1390 ut
540 1326 785 1391 suaeumberent
810 1327 927 1410 quibus
952 1327 1077 1392 vellent
1092 1328 1119 1390 et

59 1425 100 1484 10
110 1416 310 1480 incomitatis
334 1419 370 1480 ut
391 1415 506 1500 vagari
528 1415 642 1479 liceret
660 1418 693 1480 et
711 1415 797 1480 filios
815 1415 944 1480 babere.
977 1413 1067 1492 Quae
1084 1412 1119 1479 ad

109 1505 323 1570 valitudinem
341 1505 508 1587 pertinent
526 1504 696 1568 hominum
716 1525 754 1569 ae
772 1504 898 1586 peeoris
918 1506 953 1568 et
971 1504 1043 1570 sine
1061 1524 1118 1568 me·
1129 1518 1146 1562 u

110 1594 181 1659 dieo
200 1593 306 1658 curari
324 1597 472 1677 possunt,
491 1593 685 1677 magistrum
705 1593 829 1676 scripta
846 1593 968 1657 habere
987 1594 1119 1677 oportet

109 1683 138 1746 is
166 1683 252 1747 enim
281 1683 349 1746 siue
376 1682 495 1746 litteris
523 1681 657 1746 idoneus
680 1703 746 1746 nou
769 1687 835 1764 est,
864 1681 951 1765 quod
981 1683 1119 1748 rationes

110 1770 289 1835 dominicas
313 1771 480 1855 pecuarias
505 1770 661 1835 eonfieere
682 1770 879 1854 nequiquam
902 1773 991 1835 reete
1011 1772 1120 1855 potest
1165 1812 1167 1829 .

112 1859 151 1925 de
160 1880 296 1924 numero
307 1863 475 1943 pastorum
486 1859 542 1923 alii
553 1859 733 1943 angustius,
743 1859 801 1923 alii
812 1859 917 1923 laxius
928 1860 1120 1925 constituere
1165 1866 1167 1937 j

112 1950 226 2014 solent.
263 1970 324 2035 ego
344 1949 378 2013 in
398 1952 573 2033 octogenae
591 1948 695 2012 hirtas
715 1970 790 2014 oves
810 1948 957 2033 singulos
976 1944 1167 2032 pastoresui

61 2038 283 2121 llconstitui,
310 2036 440 2103 Atticus
463 2039 497 2101 in
521 2041 681 2102 centenas.
726 2056 841 2123 greges
865 2036 975 2102 ovium
1000 2037 1030 2102 si
1053 2038 1121 2102 sunt

110 2129 230 2213 magni,
246 2149 328 2211 quos
342 2127 501 2192 miliarias
516 2125 639 2191 faciunt
652 2126 792 2210 quidam,
805 2125 933 2191 facilius
948 2125 987 2190 de
1002 2147 1122 2191 summa

111 2216 281 2282 bominum
301 2215 470 2281 detrahere
488 2216 605 2299 possis,
625 2237 722 2298 quam
741 2216 780 2279 de
794 2215 982 2297 minoribus,
1001 2219 1039 2280 ut
1052 2216 1123 2279 sunt

112 2307 145 2369 et
167 2303 272 2368 Attici
295 2306 328 2367 et
350 2304 422 2368 mei.
469 2304 702 2388 septingenarii
725 2303 812 2368 enim
835 2303 911 2367 mei:
941 2307 986 2386 tu,
1012 2303 1122 2388 opinor

112 2393 352 2478 octingenarios
371 2391 526 2477 habuisti,
543 2415 603 2457 nee
621 2396 731 2457 temen
751 2414 826 2478 non,
843 2396 881 2457 ut
899 2414 969 2477 nos,
989 2395 1150 2458 arietumu

112 2483 278 2549 decumam
301 2485 437 2568 partem.
483 2482 524 2546 ad
552 2503 706 2566 equarum
730 2501 861 2567 gregem
886 2481 1122 2567 quinquagena·

111 2573 196 2637 rium
224 2571 291 2636 bini
320 2571 483 2655 homines,
512 2571 626 2654 utique
653 2574 790 2655 uterque
817 2571 933 2636 horum
956 2574 995 2635 ut
1019 2591 1123 2637 seeum

110 2661 231 2726 babeat
260 2682 358 2744 equas
387 2660 528 2726 domitas
552 2660 699 2745 singulas
722 2659 757 2722 in
779 2660 831 2724 his
854 2659 1062 2744 regionibuS,
1092 2660 1123 2724 in

201 2834 335 2903 2inquid
389 2834 593 2904 4aleraut(al
594 2835 673 2888 erent
696 2833 735 2903 V)
786 2834 1005 2889 §ostenderunt
1024 2835 1081 2902 (ost
1082 2848 1123 2888 en-

112 2906 183 2962 dunt
206 2907 247 2976 V)
309 2906 506 2961 tleuuneidas
570 2912 749 2987 8praegnax
812 2911 846 2986 ιι
863 2921 956 2959 nonne
975 2904 1125 2974 denegauit

112 2980 179 3048 (non
203 2976 357 3047 denegauit
380 2977 419 3046 V)
500 2982 532 3031 16
549 2975 664 3060 possint
742 2980 776 3029 21
801 2975 897 3031 ouium
919 2974 976 3058 sed·
993 2993 1124 3047 magnum

111 3055 145 3105 23
151 3048 260 3134 ,possit
331 3054 365 3103 24
390 3050 419 3102 et
442 3047 484 3103 ait
506 3047 558 3103 tici
581 3048 610 3103 et
632 3048 689 3101 mel
715 3045 907 3117 septingenari
932 3046 1009 3102 enim
1032 3048 1125 3102 metu

111 3121 211 3191 opinor
230 3120 437 3230 octingenarius

203 3267 350 3318 lmatres.
370 3260 455 3316 simul
474 3259 607 3330 aspicite
658 3259 837 3315 6eiuneidas
858 3259 1004 3316 Turnebus
1022 3261 1126 3318 advers

108 3339 139 3405 A,
169 3341 188 3390 6
218 3340 243 3390 et
276 3334 338 3390 Vtut
326 3335 415 3389 torius
505 3339 521 3387 8
549 3333 753 3415 praegnantem
781 3349 798 3387 u
889 3337 923 3387 16
954 3335 1076 3402 possunt
1101 3349 1127 3388 m

95 3378 172 3460 23⁷u
176 3407 276 3463 tsunt
294 3410 326 3465 et
343 3403 436 3462 Attici
455 3405 486 3461 et
502 3403 569 3460 mei.
594 3401 885 3475 septingenariienim
898 3404 963 3472 mei,
981 3405 1015 3459 tu
1028 3405 1128 3475 opinor

91 3474 244 3536 Victorius
322 3485 357 3538 26
379 3478 635 3552 octingenariesu
