2386 3742
114 120 178 186 106
531 117 716 174 VARRONIS

61 278 150 337 1an
173 265 337 343 mordicus
359 263 528 329 interfecit.
562 286 635 328 cum
654 268 869 348 conceperunt
887 286 998 349 equae,
1022 264 1126 329 viden·

112 357 187 420 dum
214 376 255 419 ne
283 357 341 417 aut
369 353 519 418 laborent
542 353 725 436 plusculum
749 358 805 418 aut
827 375 868 418 ne
891 353 1023 438 frigidis
1047 353 1124 418 locis

112 446 186 528 sint,
210 443 295 528 quod
324 443 417 528 algor
447 441 587 506 maxime
609 442 844 527 praegnatibus
868 442 971 508 obest.
1018 442 1124 526 itaque

111 533 145 597 in
169 533 305 597 stabulis
325 536 358 596 et
376 552 487 595 umore
506 530 679 614 prohibere
699 534 830 615 oportet
846 531 992 615 humum,
1017 531 1125 596 clausa

111 621 231 686 habere
255 620 340 685 ostia
363 641 401 685 ac
422 620 597 701 fenestras,
622 622 655 684 et
677 620 763 684 inter
786 620 930 705 singulas
955 641 974 684 a
998 638 1153 704 praese-r

111 710 208 794 pibus
227 710 397 774 intericere
417 709 594 792 longurios,
618 707 674 791 qui
692 730 747 773 eas
767 708 959 792 discernant,
982 729 1026 772 ne
1044 709 1123 772 inter

6 848 12 860 .
112 821 146 865 se
176 820 321 884 pugnare
353 797 505 881 possint(
535 799 748 882 praegnatem
778 819 881 882 neque
905 797 1033 880 inplere
1056 798 1121 863 cibo

61 909 99 965 11
112 910 217 973 neque
246 888 368 953 esurire
396 890 492 970 oport
512 889 535 949 t.
585 885 720 950 alternis
749 886 805 970 qui
833 885 1028 970 admittant,
1059 886 1120 950 diu·

110 977 272 1042 turniores
301 996 414 1060 equas,
442 974 591 1039 meliores
622 975 731 1058 pullos
758 975 829 1038 fieri
856 974 981 1058 dicunt,
1017 975 1119 1060 itaque

111 1069 148 1130 ut
166 1065 328 1130 restibiles
349 1068 474 1149 segetes
493 1084 563 1128 esse
583 1064 769 1144 exuctiores,
788 1064 834 1128 sic
852 1064 1029 1148 quotannis
1046 1083 1119 1148 quae
1129 1081 1146 1120 1⁰
1161 1130 1163 1135 ,

111 1157 306 1238 praegnates
331 1153 419 1217 fiant.
458 1153 517 1232 [in]
538 1153 647 1217 decem
667 1152 780 1217 diebus
800 1151 977 1216 secundum
996 1157 1119 1237 partum
1160 1138 1163 1243 l

111 1264 185 1307 oum
209 1241 369 1305 matribus
397 1241 432 1303 in
458 1242 615 1324 pabulum
642 1241 888 1324 prodigendum,
915 1263 957 1305 ne
986 1241 1117 1327 ungulas
1161 1250 1163 1311 Ι

111 1335 240 1395 teneras
278 1329 436 1394 conburat
475 1334 608 1394 stercus.
670 1329 989 1414 quinquemestribus
1030 1328 1118 1414 pullis
1161 1332 1163 1383 ἰ

110 1419 215 1502 factis,
248 1440 319 1483 oum
343 1418 466 1482 redacti
490 1422 566 1483 sunt
588 1419 623 1482 in
646 1418 824 1500 stabulum,
852 1418 1058 1483 obiciendum
1079 1417 1118 1482 f·
1159 1396 1163 1503 l

111 1508 218 1573 rinam
240 1507 448 1573 hordeaciam
472 1508 620 1571 molitam
643 1528 714 1572 cum
737 1506 934 1592 furfuribus,
962 1513 998 1571 et
1021 1504 1119 1591 siquid
1130 1508 1163 1562 1⁵!

60 1598 199 1677 12aliud
221 1601 310 1661 terra
332 1602 445 1661 natum
468 1596 608 1660 libenter
630 1596 734 1661 edent.
764 1595 923 1660 anniculis
941 1597 1009 1660 iam
1033 1595 1118 1660 lactis

112 1685 432 1767 dandumhordeum
456 1688 489 1749 et
512 1684 662 1764 furfures,
693 1706 794 1768 usque
817 1684 922 1768 quaad
946 1688 1043 1750 erunt
1063 1685 1120 1748 lac·

111 1778 231 1839 lantes,
277 1795 379 1858 neque
407 1775 497 1856 prius
526 1774 658 1838 biennio
687 1772 835 1837 confecto
864 1795 884 1836 a
913 1774 1000 1838 lacte
1023 1794 1119 1838 remo-

111 1863 264 1946 vendum3
301 1884 429 1947 eosque,
459 1884 531 1926 cum
557 1865 645 1926 stent
667 1883 740 1925 cum
764 1861 936 1944 matribus,
964 1861 1119 1927 interdum

111 1952 326 2034 tractandum,
340 1973 390 2034 ne,
410 1973 483 2016 cum
498 1950 564 2014 sint
579 1950 729 2033 deiuncti,
744 1953 981 2033 exterreantur;
1001 1950 1146 2016 eadem-¹⁰

110 2063 172 2125 que
187 2063 284 2106 causa
298 2041 345 2104 ibi
359 2040 469 2104 frenos
485 2039 753 2124 suspendendum,
767 2043 804 2103 ut
818 2038 901 2103 eculi
911 2041 1120 2104 consuescant

111 2135 144 2194 et
178 2130 285 2194 videre
318 2150 430 2192 eorum
463 2128 578 2192 faciem
609 2131 642 2203 et
670 2149 686 2192 e
714 2132 805 2192 motu
834 2127 945 2192 audire
973 2129 1118 2212 crepitus.

60 2239 184 2298 13cum
208 2218 274 2281 iam
298 2217 339 2280 ad
362 2223 477 2281 manus
501 2217 652 2281 accedere
676 2216 870 2298 consuerint,
893 2216 1059 2282 interdum
1080 2217 1119 2280 in·

110 2327 231 2388 ponere
261 2304 302 2368 iis
325 2327 461 2389 puerum
484 2306 536 2370 bis
560 2310 616 2370 aut
638 2309 689 2370 ter
714 2305 902 2385 [interdum]
928 2327 1069 2388 pronum
1090 2305 1120 2368 in

84 2399 265 2479 uentrem,
288 2398 404 2478 postea
427 2394 492 2457 iam
516 2395 689 2459 sedentem.
734 2394 814 2458 haec
836 2394 961 2476 facere,
986 2416 1059 2459 cum
1082 2392 1146 2457 situ

110 2484 240 2549 trimus:
263 2488 334 2548 tum
353 2483 439 2547 enim
458 2483 596 2547 maxime
616 2503 758 2547 crescere
778 2503 816 2546 ao
833 2483 1031 2547 lacertosum
1047 2480 1119 2547 fieri.

111 2578 187 2638 sunt
217 2574 273 2657 qui
301 2572 410 2636 dicant
439 2575 515 2654 post
546 2593 666 2635 annum
694 2577 727 2634 et
756 2592 812 2635 sex
839 2591 967 2635 menses
997 2572 1119 2636 eculnm

111 2662 236 2726 domari
259 2682 363 2744 posse,
387 2660 443 2724 sed
467 2660 581 2723 melius
600 2663 675 2743 post
692 2659 835 2743 trimum,
858 2682 877 2723 a
897 2681 959 2743 quo
978 2664 1119 2744 tempore

199 2840 216 2886 4
235 2834 363 2904 humum]
382 2850 478 2886 umum
533 2837 549 2886 b
568 2832 661 2888 hostia
679 2833 763 2903 (ostia
787 2834 824 2903 V)
887 2839 902 2887 7
921 2836 1120 2903 praegnantem

111 2907 304 2974 (praegnatem
323 2905 380 2959 cod.
400 2905 477 2974 Par.)
541 2910 665 2972 ‘aequos
729 2910 762 2958 10
778 2921 836 2960 esse
869 2906 943 2960 esset
961 2905 1067 2972 (essent
1083 2903 1119 2972 V)

112 2982 145 3031 10
174 2978 319 3031 exuctores
391 2975 576 3046 quodannis
650 2980 681 3029 11
709 2977 871 3046 praegnata
945 2981 978 3049 12
1003 2975 1119 3046 ungulas

111 3050 267 3103 commnrat
289 3048 393 3101 stercus
415 3046 532 3102 tenebat
556 3049 648 3101 mendi
672 3054 739 3103 *nota
762 3049 890 3116 adposita
963 3051 996 3100 15
1023 3047 1120 3102 horde-

111 3118 203 3174 aciam
231 3119 408 3187 (ordeaceum
432 3118 459 3172 V
478 3124 503 3173 et
525 3119 662 3173 manullo
685 3119 857 3188 apoprapoa)
932 3123 963 3172 17
988 3117 1121 3173 hordeum

112 3190 239 3257 (ordeum
263 3189 301 3257 V)
376 3195 410 3244 26
428 3188 527 3244 trimas
600 3190 767 3244 redemere

201 3339 322 3402 9equas
337 3331 489 3385 Pontedera
503 3333 588 3400 antiq.
599 3335 692 3400 pras
730 3338 762 3385 10
777 3330 964 3386 exactioreso
1004 3337 1036 3386 13
1050 3346 1122 3386 com·

101 3401 187 3458 buret
203 3406 314 3461 stercus
333 3401 456 3459 tenellas
476 3402 635 3458 Poltttuaus
686 3407 725 3458 ‘cl
740 3402 785 3458 bis
803 3405 853 3457 aut
872 3404 916 3457 ter
933 3419 1055 3470 pronum
1073 3402 1122 3455 Ic·

87 3477 204 3532 eundae
252 3483 287 3534 26
309 3476 452 3536 trimusc
501 3480 537 3533 ‘28
558 3474 702 3532 domatio
723 3478 748 3527 ct
765 3488 800 3527 aa
818 3473 978 3525 correctiora
993 3472 1126 3525 cossus.
