2386 3742
255 101 385 158 RERVM
403 102 640 160 avsnlchavn
657 103 725 162 ΗΒ.
744 104 770 158 Π
789 109 859 158 2-3
1031 105 1073 169 87

150 246 211 313 Oui
235 245 416 333 Cossinius,
444 247 604 324 Quoniam
633 249 713 315 satis
742 250 876 334 balasti,
902 251 1022 335 inquit,
1053 265 1130 321 0111

53 336 218 402 Faustule
237 340 358 419 noster,
382 338 490 422 accipe
510 359 594 402 ame
608 360 693 403 nunc
707 338 881 404 Homerico
896 339 1075 405 Melanthio

55 425 158 490 cordo
173 425 211 488 de
224 426 373 509 capellis,
392 431 425 490 et
440 447 534 510 quem
549 427 588 491 ad
604 426 735 492 modum
751 429 909 512 [oportet]
933 429 1076 494 breviter

57 516 214 597 oporteat
246 513 364 599 dicere,
401 513 496 581 disee.
548 515 603 599 qui
635 516 803 600 caprinum
835 537 967 602 gregem
999 539 1076 582 con·

27 603 198 666 restituere
216 602 296 685 vult,
313 603 349 666 in
368 603 516 689 eligendo
536 604 774 669 animadvertas
792 610 920 689 oportet
934 606 1076 689 primum

57 693 212 768 aetatem,
234 694 272 754 ut
290 712 362 756 eam
380 696 483 777 paret,
506 714 588 776 quae
610 693 675 757 iam
694 693 780 757 ferre
798 694 904 776 possit
923 695 1075 779 fructum,

58 782 94 843 et
126 779 165 844 de
195 779 236 842 iis
269 800 339 844 eam
372 781 495 865 potius,
528 802 609 865 quae
643 781 782 846 diutins:
825 783 955 848 novella
987 786 1074 847 enim

57 890 159 953 qnam
178 872 270 932 vetus
289 869 411 934 utilior.
440 869 479 934 de
498 869 605 936 forma
623 870 797 935 ridendum
815 874 852 934 ut
871 871 938 935 sint
951 871 1104 952 firmae‚2

57 977 210 1040 magnae,
233 978 349 1042 corpus
373 957 442 1023 leve
465 962 502 1022 ut
523 959 681 1043 habeant,
710 960 822 1024 crebro
846 959 929 1044 pilo,
958 960 1022 1024 nisi
1046 961 1074 1025 si

10 1067 44 1109 ιο
58 1046 197 1131 glabrae
226 1051 302 1110 sunt
330 1042 408 1132 (duo
437 1047 524 1111 enim
552 1068 673 1132 genera
700 1043 841 1134 earum):
879 1049 938 1113 sub
968 1051 1076 1113 rostra

57 1135 141 1199 duas
163 1136 200 1197 ut
222 1134 416 1199 mammulas
439 1136 580 1220 pensiles
602 1136 754 1219 habeant,
778 1137 864 1220 quod
887 1158 943 1201 eae
965 1137 1076 1202 fecun-

57 1222 182 1287 diores:
213 1223 313 1287 ubere
345 1224 411 1287 sint
443 1225 624 1309 grandiore,
657 1229 693 1288 ut
725 1230 758 1289 et
789 1227 839 1290 lac
871 1227 1008 1290 multum
1042 1230 1076 1291 et

57 1311 182 1396 pingue
205 1310 347 1376 habeant
370 1333 429 1394 pro
453 1313 618 1395 portione:
658 1314 767 1382 hircus
792 1315 939 1380 molliore
964 1318 996 1378 et
1019 1337 1075 1398 po-

56 1400 224 1465 tissimum
252 1399 319 1484 pilo
348 1401 424 1466 albo
453 1423 490 1466 ac
513 1402 636 1466 cervice
660 1407 693 1465 et
716 1403 800 1467 collo
824 1403 931 1486 brevi,
955 1423 1074 1487 gurgu-

14 1488 147 1554 rollone
167 1489 324 1573 longiore.
360 1490 475 1555 melior
492 1490 531 1554 fit
554 1511 641 1575 grex,
666 1490 694 1554 si
717 1514 782 1555 non
801 1495 851 1556 est
870 1513 908 1556 ex
927 1492 1073 1556 collectis

58 1582 273 1661 conparatus,
306 1577 362 1643 sed
392 1599 432 1642 ex
461 1579 621 1644 consuetis
649 1602 722 1644 una
769 1579 807 1643 de
836 1579 972 1645 seminio
1001 1579 1106 1645 dico3

58 1666 183 1749 eadem,
215 1688 297 1748 quae
331 1667 459 1732 Atticus
493 1668 528 1732 in
560 1668 688 1732 ovibus:
733 1667 796 1732 hoc
829 1669 931 1752 ahter,
964 1669 1073 1743 ovium

58 1776 172 1819 semen
194 1753 319 1819 tardius
343 1777 427 1839 esse,
457 1777 520 1840 quo
545 1778 601 1820 eae
626 1756 691 1820 sint
714 1757 922 1841 placidiores3
959 1760 1074 1823 contra

14 1872 17 1876 ·
58 1843 183 1928 caprile
210 1843 362 1908 mobilius
390 1865 474 1925 esse,
508 1845 546 1908 dc
573 1867 708 1929 quarum
739 1846 911 1912 velocitate
938 1846 973 1909 in
1001 1844 1073 1910 Ori-

20 1955 46 1994 co
59 1932 176 2018 ginum
198 1932 281 1996 libro
307 1931 388 1998 Cato
412 1932 526 1997 scribit
543 1933 632 2016 haec,
656 1932 702 1996 ‘in
721 1931 870 2017 Sauracti
888 1939 917 1998 et
933 1933 1074 1998 Fiscello

60 2042 178 2105 caprae
210 2021 297 2085 ferae
330 2026 413 2104 sunt,
446 2044 527 2105 quae
561 2022 681 2086 saliunt
713 2043 730 2085 e
763 2044 840 2086 saxo
873 2021 970 2105 pedes
1000 2022 1074 2104 plus

60 2108 262 2193 sexagenos'.
299 2131 376 2174 oves
401 2110 494 2192 enim,
520 2132 599 2194 quas
618 2111 793 2193 pascimus,
817 2114 907 2175 ortae
932 2111 1073 2175 suntab

60 2197 177 2263 ovibus
211 2198 303 2262 feris:
340 2200 386 2263 sic
419 2221 498 2283 quas
527 2199 644 2264 alimus
672 2219 783 2282 caprae
810 2221 830 2263 a
860 2200 965 2284 capris
995 2199 1074 2263 feris

60 2291 168 2369 ortae,
205 2309 225 2350 a
257 2287 330 2370 quis
362 2291 497 2370 propter
528 2287 660 2351 Italiam
695 2287 850 2371 Caprasia
882 2288 990 2352 insula
1023 2292 1073 2353 est

26 2375 238 2441 acominata.
283 2374 322 2438 de
353 2377 459 2459 capris
488 2376 573 2460 quod
601 2376 736 2441 meliore
764 2377 887 2441 semine
910 2398 966 2440 eac
991 2385 1104 2461 quae4

58 2464 110 2529 bis
134 2464 276 2547 pariant,
298 2485 337 2527 ex
359 2464 411 2528 his
433 2465 641 2547 potissimum
660 2487 766 2529 mares
786 2464 893 2529 solent
912 2465 1074 2529 summitti

58 2552 100 2618 ad
130 2553 339 2618 admissurae.
394 2553 525 2636 quidam
558 2554 657 2618 etiam
690 2552 769 2617 dant
802 2574 934 2637 operam
966 2556 1004 2616 ut
1036 2575 1076 2616 ex
1141 2629 1145 2633 Ι

152 2766 168 2814 2
191 2761 279 2832 nunc]
310 2778 372 2815 cum
400 2766 463 2829 (oon
490 2763 651 2832 apographo
678 2763 823 2832 nonnulla)
904 2766 921 2815 8
949 2761 984 2815 de
1011 2767 1076 2818 outa

56 2833 153 2887 forma
175 2847 225 2886 om.
303 2839 318 2886 9
346 2832 421 2903 leve]
448 2832 512 2887 lene
585 2838 617 2886 11
642 2832 718 2902 quod
740 2834 793 2886 hae
817 2831 903 2901 (quod
926 2848 976 2886 eae
1004 2832 1074 2888 Via.

56 2909 84 2958 et
104 2903 266 2974 apographo
283 2905 430 2972 nonnullo)
515 2901 854 2974 13m011i0r0]mulioris
937 2909 970 2956 14
988 2903 1075 2958 breue

58 2980 93 3029 16
119 2973 230 3027 siminio
320 2979 355 3029 20
382 2974 411 3028 in
438 2975 559 3030 sauraoti
586 2973 692 3029 fiscello
716 2975 756 3044 (in
780 2973 883 3029 soracti
905 2973 1010 3029 fiscello
1034 2975 1074 3042 V)

56 3051 95 3100 23
115 3060 218 3113 caprae
236 3060 286 3098 om.
350 3051 385 3100 26
405 3044 545 3099 summitti
563 3044 731 3100 admissurus
749 3046 899 3115 (summitti
917 3045 954 3099 ad
972 3043 1077 3100 admis-

56 3132 138 3171 suras
154 3116 280 3184 plurimo
297 3118 470 3187 apographa)

151 3315 167 3364 8
187 3312 222 3366 de
240 3311 332 3365 forma
349 3328 376 3365 m
394 3317 419 3366 et
436 3312 621 3381 superscripto
640 3311 674 3364 de
693 3311 751 3365 cod.
766 3309 834 3366 Por.
907 3309 1001 3364 elene
1024 3311 1075 3365 Ur·

56 3384 140 3438 maus
213 3387 246 3435 13
264 3381 387 3437 molliori
400 3400 428 3437 m
500 3388 535 3437 20
558 3381 588 3436 in
607 3380 738 3437 Sauracti
754 3383 785 3436 et
801 3379 926 3436 Fiscello
945 3380 1086 3434 Glaucias

56 3454 125 3509 Ital.
145 3457 202 3507 ant.
213 3469 245 3521 p.
261 3457 319 3508 515
