<?xml version="1.0" encoding="UTF-8"?>
<!DOCTYPE html PUBLIC "-//W3C//DTD XHTML 1.0 Transitional//EN"
    "http://www.w3.org/TR/xhtml1/DTD/xhtml1-transitional.dtd">
<html xmlns="http://www.w3.org/1999/xhtml" xml:lang="en" lang="en">
 <head>
  <title>
</title>
<meta http-equiv="Content-Type" content="text/html;charset=utf-8" />
  <meta name='ocr-system' content='tesseract 3.04.00' />
  <meta name='ocr-capabilities' content='ocr_page ocr_carea ocr_par ocr_line ocrx_word'/>
</head>
<body>
  <div class='ocr_page' id='page_1' title='image "./mterentivarroni01varrgoog/mterentivarroni01varrgoog_0109.png"; bbox 0 0 2386 3742; ppageno 0'>
   <div class='ocr_carea' id='block_1_1' title="bbox 141 122 744 188">
    <p class='ocr_par' dir='ltr' id='par_1_1' title="bbox 141 122 744 188">
     <span class='ocr_line' id='line_1_1' title="bbox 141 122 744 188; baseline -0.015 -1"><span class='ocrx_word' id='word_1_1' title='bbox 141 124 184 188; x_wconf 87' lang='grc'>94</span> <span class='ocrx_word' id='word_1_2' title='bbox 557 122 744 178; x_wconf 76' lang='lat' dir='ltr'><strong>VARRONIS</strong></span> 
     </span>
    </p>
   </div>
   <div class='ocr_carea' id='block_1_2' title="bbox 85 267 1180 2747">
    <p class='ocr_par' dir='ltr' id='par_1_2' title="bbox 85 267 1180 2747">
     <span class='ocr_line' id='line_1_2' title="bbox 140 267 1153 353; baseline -0.001 -19"><span class='ocrx_word' id='word_1_3' title='bbox 140 270 210 334; x_wconf 89' lang='lat' dir='ltr'>nati</span> <span class='ocrx_word' id='word_1_4' title='bbox 228 269 344 352; x_wconf 89' lang='lat' dir='ltr'>hieme,</span> <span class='ocrx_word' id='word_1_5' title='bbox 362 269 446 334; x_wconf 89' lang='lat' dir='ltr'>fiunt</span> <span class='ocrx_word' id='word_1_6' title='bbox 465 269 564 332; x_wconf 84' lang='lat' dir='ltr'>exiles</span> <span class='ocrx_word' id='word_1_7' title='bbox 584 272 716 352; x_wconf 90' lang='lat' dir='ltr'>propter</span> <span class='ocrx_word' id='word_1_8' title='bbox 734 268 858 353; x_wconf 78' lang='lat' dir='ltr'><strong>frigora</strong></span> <span class='ocrx_word' id='word_1_9' title='bbox 877 271 910 332; x_wconf 89' lang='lat' dir='ltr'>ot</span> <span class='ocrx_word' id='word_1_10' title='bbox 928 267 1015 353; x_wconf 91' lang='lat' dir='ltr'>quod</span> <span class='ocrx_word' id='word_1_11' title='bbox 1037 273 1153 334; x_wconf 89' lang='lat' dir='ltr'>matres</span> 
     </span>
     <span class='ocr_line' id='line_1_3' title="bbox 141 357 1153 442; baseline -0.002 -19"><span class='ocrx_word' id='word_1_12' title='bbox 141 361 355 442; x_wconf 80' lang='lat' dir='ltr'><strong>aspernantur</strong></span> <span class='ocrx_word' id='word_1_13' title='bbox 377 359 510 441; x_wconf 90' lang='lat' dir='ltr'>propter</span> <span class='ocrx_word' id='word_1_14' title='bbox 533 357 744 441; x_wconf 80' lang='lat' dir='ltr'>exiguitatem</span> <span class='ocrx_word' id='word_1_15' title='bbox 767 357 872 441; x_wconf 85' lang='lat' dir='ltr'>lactis,</span> <span class='ocrx_word' id='word_1_16' title='bbox 895 357 983 441; x_wconf 91' lang='lat' dir='ltr'>quod</span> <span class='ocrx_word' id='word_1_17' title='bbox 1005 357 1153 423; x_wconf 90' lang='lat' dir='ltr'>dentibus</span> 
     </span>
     <span class='ocr_line' id='line_1_4' title="bbox 142 445 1153 531; baseline -0.001 -20"><span class='ocrx_word' id='word_1_18' title='bbox 142 448 327 512; x_wconf 86' lang='lat' dir='ltr'>sauciantur</span> <span class='ocrx_word' id='word_1_19' title='bbox 349 451 521 530; x_wconf 88' lang='lat' dir='ltr'>propterea</span> <span class='ocrx_word' id='word_1_20' title='bbox 543 467 712 512; x_wconf 87' lang='lat' dir='ltr'>mammae.</span> <span class='ocrx_word' id='word_1_21' title='bbox 749 446 856 512; x_wconf 87' lang='lat' dir='ltr'>scrofa</span> <span class='ocrx_word' id='word_1_22' title='bbox 878 445 913 509; x_wconf 93' lang='lat' dir='ltr'>in</span> <span class='ocrx_word' id='word_1_23' title='bbox 932 467 992 510; x_wconf 86' lang='lat' dir='ltr'>sua</span> <span class='ocrx_word' id='word_1_24' title='bbox 1011 467 1153 531; x_wconf 86' lang='lat' dir='ltr'>quaeque</span> 
     </span>
     <span class='ocr_line' id='line_1_5' title="bbox 140 535 1152 619; baseline 0 -20"><span class='ocrx_word' id='word_1_25' title='bbox 140 535 222 599; x_wconf 89' lang='lat' dir='ltr'>hara</span> <span class='ocrx_word' id='word_1_26' title='bbox 241 556 316 600; x_wconf 90' lang='lat' dir='ltr'>suos</span> <span class='ocrx_word' id='word_1_27' title='bbox 336 536 403 600; x_wconf 91' lang='lat' dir='ltr'>alat</span> <span class='ocrx_word' id='word_1_28' title='bbox 421 538 551 618; x_wconf 78' lang='lat' dir='ltr'>oportet</span> <span class='ocrx_word' id='word_1_29' title='bbox 567 556 694 618; x_wconf 89' lang='lat' dir='ltr'>porcos,</span> <span class='ocrx_word' id='word_1_30' title='bbox 716 535 801 619; x_wconf 91' lang='lat' dir='ltr'>quod</span> <span class='ocrx_word' id='word_1_31' title='bbox 820 535 945 600; x_wconf 89' lang='lat' dir='ltr'>alienos</span> <span class='ocrx_word' id='word_1_32' title='bbox 964 555 1029 600; x_wconf 79' lang='lat' dir='ltr'>noa</span> <span class='ocrx_word' id='word_1_33' title='bbox 1052 557 1152 619; x_wconf 89' lang='lat' dir='ltr'>asper·</span> 
     </span>
     <span class='ocr_line' id='line_1_6' title="bbox 140 623 1180 708; baseline 0 -21"><span class='ocrx_word' id='word_1_34' title='bbox 140 626 238 688; x_wconf 88' lang='lat' dir='ltr'>natur</span> <span class='ocrx_word' id='word_1_35' title='bbox 257 629 290 688; x_wconf 91' lang='lat' dir='ltr'>et</span> <span class='ocrx_word' id='word_1_36' title='bbox 307 623 394 707; x_wconf 90' lang='lat' dir='ltr'>ideo,</span> <span class='ocrx_word' id='word_1_37' title='bbox 413 624 442 688; x_wconf 86' lang='lat' dir='ltr'>si</span> <span class='ocrx_word' id='word_1_38' title='bbox 461 624 647 688; x_wconf 91' lang='lat' dir='ltr'>conturbati</span> <span class='ocrx_word' id='word_1_39' title='bbox 666 624 794 688; x_wconf 85' lang='lat' dir='ltr'>suntin</span> <span class='ocrx_word' id='word_1_40' title='bbox 812 623 928 708; x_wconf 88' lang='lat' dir='ltr'>fetura,</span> <span class='ocrx_word' id='word_1_41' title='bbox 949 623 989 688; x_wconf 89' lang='lat' dir='ltr'>fit</span> <span class='ocrx_word' id='word_1_42' title='bbox 1008 623 1152 690; x_wconf 81' lang='lat' dir='ltr'>deterior.</span> <span class='ocrx_word' id='word_1_43' title='bbox 1171 640 1180 682; x_wconf 82' lang='lat'>⁵</span> 
     </span>
     <span class='ocr_line' id='line_1_7' title="bbox 89 711 1153 797; baseline -0.004 -17"><span class='ocrx_word' id='word_1_44' title='bbox 89 723 130 780; x_wconf 84' lang='lat'>14</span> <span class='ocrx_word' id='word_1_45' title='bbox 141 717 259 778; x_wconf 90' lang='lat' dir='ltr'>natura</span> <span class='ocrx_word' id='word_1_46' title='bbox 282 713 405 777; x_wconf 88' lang='lat' dir='ltr'>divisus</span> <span class='ocrx_word' id='word_1_47' title='bbox 429 734 539 777; x_wconf 88' lang='lat' dir='ltr'>earum</span> <span class='ocrx_word' id='word_1_48' title='bbox 563 733 669 777; x_wconf 91' lang='lat' dir='ltr'>annus</span> <span class='ocrx_word' id='word_1_49' title='bbox 692 712 859 796; x_wconf 85' lang='lat' dir='ltr'>bifariam,</span> <span class='ocrx_word' id='word_1_50' title='bbox 888 711 973 797; x_wconf 91' lang='lat' dir='ltr'>quod</span> <span class='ocrx_word' id='word_1_51' title='bbox 996 711 1049 778; x_wconf 84' lang='lat' dir='ltr'>bis</span> <span class='ocrx_word' id='word_1_52' title='bbox 1072 711 1153 797; x_wconf 89' lang='lat' dir='ltr'>parit</span> 
     </span>
     <span class='ocr_line' id='line_1_8' title="bbox 141 799 1152 885; baseline 0.001 -20"><span class='ocrx_word' id='word_1_53' title='bbox 141 803 175 865; x_wconf 92' lang='lat' dir='ltr'>in</span> <span class='ocrx_word' id='word_1_54' title='bbox 195 823 294 866; x_wconf 90' lang='lat' dir='ltr'>anno:</span> <span class='ocrx_word' id='word_1_55' title='bbox 319 802 484 885; x_wconf 86' lang='lat' dir='ltr'>quaternis</span> <span class='ocrx_word' id='word_1_56' title='bbox 505 801 668 865; x_wconf 89' lang='lat' dir='ltr'>mensibus</span> <span class='ocrx_word' id='word_1_57' title='bbox 687 800 752 864; x_wconf 87' lang='lat' dir='ltr'>fert</span> <span class='ocrx_word' id='word_1_58' title='bbox 769 804 925 885; x_wconf 87' lang='lat' dir='ltr'>ventrem,</span> <span class='ocrx_word' id='word_1_59' title='bbox 948 799 1036 866; x_wconf 91' lang='lat' dir='ltr'>binis</span> <span class='ocrx_word' id='word_1_60' title='bbox 1056 802 1152 866; x_wconf 88' lang='lat' dir='ltr'>nutri·</span> 
     </span>
     <span class='ocr_line' id='line_1_9' title="bbox 85 888 1150 977; baseline -0.001 -22"><span class='ocrx_word' id='word_1_61' title='bbox 85 967 89 977; x_wconf 27' lang='grc' dir='ltr'><strong><em>ι</em></strong></span> <span class='ocrx_word' id='word_1_62' title='bbox 140 895 202 957; x_wconf 86' lang='lat' dir='ltr'>cat.</span> <span class='ocrx_word' id='word_1_63' title='bbox 241 891 355 954; x_wconf 90' lang='lat' dir='ltr'>haram</span> <span class='ocrx_word' id='word_1_64' title='bbox 373 888 479 954; x_wconf 84' lang='lat' dir='ltr'>facere</span> <span class='ocrx_word' id='word_1_65' title='bbox 498 894 625 972; x_wconf 91' lang='lat' dir='ltr'>oportet</span> <span class='ocrx_word' id='word_1_66' title='bbox 647 890 775 954; x_wconf 88' lang='lat' dir='ltr'>circitor</span> <span class='ocrx_word' id='word_1_67' title='bbox 797 891 896 953; x_wconf 93' lang='lat' dir='ltr'>trium</span> <span class='ocrx_word' id='word_1_68' title='bbox 914 888 1037 973; x_wconf 90' lang='lat' dir='ltr'>pedum</span> <span class='ocrx_word' id='word_1_69' title='bbox 1056 892 1150 956; x_wconf 87' lang='lat' dir='ltr'>altam</span> 
     </span>
     <span class='ocr_line' id='line_1_10' title="bbox 141 977 1151 1063; baseline -0.002 -19"><span class='ocrx_word' id='word_1_70' title='bbox 141 985 174 1045; x_wconf 91' lang='lat' dir='ltr'>et</span> <span class='ocrx_word' id='word_1_71' title='bbox 197 980 300 1044; x_wconf 89' lang='lat' dir='ltr'>latam</span> <span class='ocrx_word' id='word_1_72' title='bbox 328 979 467 1062; x_wconf 89' lang='lat' dir='ltr'>amplius</span> <span class='ocrx_word' id='word_1_73' title='bbox 490 978 603 1061; x_wconf 92' lang='lat' dir='ltr'>paulo,</span> <span class='ocrx_word' id='word_1_74' title='bbox 631 1000 669 1042; x_wconf 91' lang='lat' dir='ltr'>ea</span> <span class='ocrx_word' id='word_1_75' title='bbox 692 977 863 1042; x_wconf 83' lang='lat' dir='ltr'>altitudine</span> <span class='ocrx_word' id='word_1_76' title='bbox 888 977 946 1042; x_wconf 87' lang='lat' dir='ltr'>abs</span> <span class='ocrx_word' id='word_1_77' title='bbox 973 981 1080 1063; x_wconf 88' lang='lat' dir='ltr'>terra,</span> <span class='ocrx_word' id='word_1_78' title='bbox 1106 1001 1151 1061; x_wconf 93' lang='lat' dir='ltr'>ne,</span> 
     </span>
     <span class='ocr_line' id='line_1_11' title="bbox 141 1065 1179 1151; baseline -0.001 -20"><span class='ocrx_word' id='word_1_79' title='bbox 141 1069 216 1139; x_wconf 84' lang='lat' dir='ltr'>dum</span> <span class='ocrx_word' id='word_1_80' title='bbox 240 1067 351 1133; x_wconf 87' lang='lat' dir='ltr'>exilire</span> <span class='ocrx_word' id='word_1_81' title='bbox 370 1068 448 1132; x_wconf 88' lang='lat' dir='ltr'>velit</span> <span class='ocrx_word' id='word_1_82' title='bbox 467 1087 638 1151; x_wconf 82' lang='lat' dir='ltr'>praegnas,</span> <span class='ocrx_word' id='word_1_83' title='bbox 662 1068 799 1131; x_wconf 83' lang='lat' dir='ltr'>abortat.</span> <span class='ocrx_word' id='word_1_84' title='bbox 837 1065 1022 1132; x_wconf 85' lang='lat' dir='ltr'>altitudinis</span> <span class='ocrx_word' id='word_1_85' title='bbox 1042 1068 1179 1133; x_wconf 74' lang='lat' dir='ltr'>modost</span> 
     </span>
     <span class='ocr_line' id='line_1_12' title="bbox 141 1155 1150 1240; baseline -0.001 -20"><span class='ocrx_word' id='word_1_86' title='bbox 141 1158 193 1239; x_wconf 91' lang='lat' dir='ltr'>sit,</span> <span class='ocrx_word' id='word_1_87' title='bbox 216 1160 252 1220; x_wconf 95' lang='lat' dir='ltr'>ut</span> <span class='ocrx_word' id='word_1_88' title='bbox 276 1156 426 1220; x_wconf 86' lang='lat' dir='ltr'>subulcus</span> <span class='ocrx_word' id='word_1_89' title='bbox 449 1155 545 1220; x_wconf 87' lang='lat' dir='ltr'>facile</span> <span class='ocrx_word' id='word_1_90' title='bbox 570 1155 814 1238; x_wconf 80' lang='lat' dir='ltr'>circumspicere</span> <span class='ocrx_word' id='word_1_91' title='bbox 837 1155 942 1239; x_wconf 88' lang='lat' dir='ltr'>possit</span> <span class='ocrx_word' id='word_1_92' title='bbox 964 1157 1065 1240; x_wconf 90' lang='lat' dir='ltr'>nequi</span> <span class='ocrx_word' id='word_1_93' title='bbox 1083 1177 1150 1240; x_wconf 92' lang='lat' dir='ltr'>por·</span> 
     </span>
     <span class='ocr_line' id='line_1_13' title="bbox 140 1243 1150 1328; baseline -0.003 -18"><span class='ocrx_word' id='word_1_94' title='bbox 140 1245 240 1310; x_wconf 90' lang='lat' dir='ltr'>cellus</span> <span class='ocrx_word' id='word_1_95' title='bbox 265 1267 284 1309; x_wconf 89' lang='lat' dir='ltr'>a</span> <span class='ocrx_word' id='word_1_96' title='bbox 306 1249 409 1308; x_wconf 89' lang='lat' dir='ltr'>matre</span> <span class='ocrx_word' id='word_1_97' title='bbox 429 1245 639 1327; x_wconf 86' lang='lat' dir='ltr'>opprimatur,</span> <span class='ocrx_word' id='word_1_98' title='bbox 662 1247 695 1307; x_wconf 93' lang='lat' dir='ltr'>et</span> <span class='ocrx_word' id='word_1_99' title='bbox 712 1247 749 1307; x_wconf 94' lang='lat' dir='ltr'>ut</span> <span class='ocrx_word' id='word_1_100' title='bbox 765 1243 860 1309; x_wconf 83' lang='lat' dir='ltr'>facile</span> <span class='ocrx_word' id='word_1_101' title='bbox 878 1243 1032 1328; x_wconf 90' lang='lat' dir='ltr'>purigare</span> <span class='ocrx_word' id='word_1_102' title='bbox 1052 1244 1150 1328; x_wconf 84' lang='lat' dir='ltr'>possit</span> 
     </span>
     <span class='ocr_line' id='line_1_14' title="bbox 140 1332 1149 1416; baseline -0.002 -18"><span class='ocrx_word' id='word_1_103' title='bbox 140 1334 253 1398; x_wconf 88' lang='lat' dir='ltr'>cubile.</span> <span class='ocrx_word' id='word_1_104' title='bbox 299 1333 332 1396; x_wconf 91' lang='lat' dir='ltr'>in</span> <span class='ocrx_word' id='word_1_105' title='bbox 355 1333 444 1397; x_wconf 89' lang='lat' dir='ltr'>haris</span> <span class='ocrx_word' id='word_1_106' title='bbox 469 1333 588 1397; x_wconf 90' lang='lat' dir='ltr'>ostium</span> <span class='ocrx_word' id='word_1_107' title='bbox 612 1354 682 1397; x_wconf 90' lang='lat' dir='ltr'>esse</span> <span class='ocrx_word' id='word_1_108' title='bbox 702 1336 831 1416; x_wconf 88' lang='lat' dir='ltr'>oportet</span> <span class='ocrx_word' id='word_1_109' title='bbox 848 1335 882 1398; x_wconf 89' lang='lat' dir='ltr'>et</span> <span class='ocrx_word' id='word_1_110' title='bbox 899 1333 1001 1397; x_wconf 90' lang='lat' dir='ltr'>limen</span> <span class='ocrx_word' id='word_1_111' title='bbox 1018 1332 1149 1398; x_wconf 86' lang='lat' dir='ltr'>inferius</span> 
     </span>
     <span class='ocr_line' id='line_1_15' title="bbox 140 1420 1149 1506; baseline -0.002 -20"><span class='ocrx_word' id='word_1_112' title='bbox 140 1423 243 1486; x_wconf 91' lang='lat' dir='ltr'>altum</span> <span class='ocrx_word' id='word_1_113' title='bbox 261 1421 485 1506; x_wconf 89' lang='lat' dir='ltr'>palmipedale,</span> <span class='ocrx_word' id='word_1_114' title='bbox 503 1443 544 1485; x_wconf 93' lang='lat' dir='ltr'>ne</span> <span class='ocrx_word' id='word_1_115' title='bbox 562 1422 661 1504; x_wconf 89' lang='lat' dir='ltr'>porci,</span> <span class='ocrx_word' id='word_1_116' title='bbox 681 1443 720 1485; x_wconf 85' lang='lat' dir='ltr'>ex</span> <span class='ocrx_word' id='word_1_117' title='bbox 734 1422 814 1486; x_wconf 89' lang='lat' dir='ltr'>hara</span> <span class='ocrx_word' id='word_1_118' title='bbox 828 1442 901 1486; x_wconf 91' lang='lat' dir='ltr'>cum</span> <span class='ocrx_word' id='word_1_119' title='bbox 919 1425 1024 1486; x_wconf 88' lang='lat' dir='ltr'>mater</span> <span class='ocrx_word' id='word_1_120' title='bbox 1039 1420 1149 1505; x_wconf 88' lang='lat' dir='ltr'>prodit,</span> 
     </span>
     <span class='ocr_line' id='line_1_16' title="bbox 90 1510 1174 1596; baseline -0.004 -18"><span class='ocrx_word' id='word_1_121' title='bbox 90 1520 128 1579; x_wconf 89' lang='lat'>15</span> <span class='ocrx_word' id='word_1_122' title='bbox 139 1512 304 1577; x_wconf 88' lang='lat' dir='ltr'>transilire</span> <span class='ocrx_word' id='word_1_123' title='bbox 322 1511 456 1596; x_wconf 88' lang='lat' dir='ltr'>possint.</span> <span class='ocrx_word' id='word_1_124' title='bbox 485 1510 772 1595; x_wconf 87' lang='lat' dir='ltr'>quotienscumque</span> <span class='ocrx_word' id='word_1_125' title='bbox 790 1510 888 1574; x_wconf 85' lang='lat' dir='ltr'>haras</span> <span class='ocrx_word' id='word_1_126' title='bbox 907 1510 1065 1576; x_wconf 89' lang='lat' dir='ltr'>subulcus</span> <span class='ocrx_word' id='word_1_127' title='bbox 1081 1523 1174 1596; x_wconf 74' lang='lat' dir='ltr'>pur-1⁵</span> 
     </span>
     <span class='ocr_line' id='line_1_17' title="bbox 139 1598 1146 1686; baseline -0.001 -21"><span class='ocrx_word' id='word_1_128' title='bbox 139 1603 210 1686; x_wconf 89' lang='lat' dir='ltr'>gat,</span> <span class='ocrx_word' id='word_1_129' title='bbox 243 1600 363 1665; x_wconf 90' lang='lat' dir='ltr'>totiens</span> <span class='ocrx_word' id='word_1_130' title='bbox 394 1599 549 1663; x_wconf 87' lang='lat' dir='ltr'>harenam</span> <span class='ocrx_word' id='word_1_131' title='bbox 582 1598 701 1662; x_wconf 85' lang='lat' dir='ltr'>inicere</span> <span class='ocrx_word' id='word_1_132' title='bbox 725 1601 867 1682; x_wconf 89' lang='lat' dir='ltr'>oportet,</span> <span class='ocrx_word' id='word_1_133' title='bbox 895 1602 952 1663; x_wconf 90' lang='lat' dir='ltr'>aut</span> <span class='ocrx_word' id='word_1_134' title='bbox 975 1599 1055 1684; x_wconf 90' lang='lat' dir='ltr'>quid</span> <span class='ocrx_word' id='word_1_135' title='bbox 1078 1601 1146 1664; x_wconf 87' lang='lat' dir='ltr'>item</span> 
     </span>
     <span class='ocr_line' id='line_1_18' title="bbox 141 1687 1145 1772; baseline -0.003 -19"><span class='ocrx_word' id='word_1_136' title='bbox 141 1688 227 1772; x_wconf 92' lang='lat' dir='ltr'>quod</span> <span class='ocrx_word' id='word_1_137' title='bbox 247 1690 382 1771; x_wconf 83' lang='lat' dir='ltr'>exsugat</span> <span class='ocrx_word' id='word_1_138' title='bbox 405 1708 551 1751; x_wconf 88' lang='lat' dir='ltr'>umorem</span> <span class='ocrx_word' id='word_1_139' title='bbox 573 1688 607 1750; x_wconf 91' lang='lat' dir='ltr'>in</span> <span class='ocrx_word' id='word_1_140' title='bbox 627 1687 772 1772; x_wconf 89' lang='lat' dir='ltr'>singulas</span> <span class='ocrx_word' id='word_1_141' title='bbox 790 1687 887 1752; x_wconf 90' lang='lat' dir='ltr'>haras</span> <span class='ocrx_word' id='word_1_142' title='bbox 906 1687 1027 1753; x_wconf 89' lang='lat' dir='ltr'>inicere</span> <span class='ocrx_word' id='word_1_143' title='bbox 1048 1687 1145 1766; x_wconf 82' lang='lat' dir='ltr'>debet3</span> 
     </span>
     <span class='ocr_line' id='line_1_19' title="bbox 140 1775 1144 1860; baseline -0.002 -20"><span class='ocrx_word' id='word_1_144' title='bbox 140 1779 173 1840; x_wconf 93' lang='lat' dir='ltr'>et</span> <span class='ocrx_word' id='word_1_145' title='bbox 192 1797 264 1840; x_wconf 89' lang='lat' dir='ltr'>cum</span> <span class='ocrx_word' id='word_1_146' title='bbox 282 1775 417 1860; x_wconf 87' lang='lat' dir='ltr'>peperit,</span> <span class='ocrx_word' id='word_1_147' title='bbox 435 1776 575 1860; x_wconf 89' lang='lat' dir='ltr'>largiore</span> <span class='ocrx_word' id='word_1_148' title='bbox 594 1776 704 1840; x_wconf 88' lang='lat' dir='ltr'>cibatu</span> <span class='ocrx_word' id='word_1_149' title='bbox 723 1779 919 1854; x_wconf 87' lang='lat' dir='ltr'>sustentare,</span> <span class='ocrx_word' id='word_1_150' title='bbox 941 1799 1007 1860; x_wconf 92' lang='lat' dir='ltr'>quo</span> <span class='ocrx_word' id='word_1_151' title='bbox 1027 1776 1144 1842; x_wconf 85' lang='lat' dir='ltr'>facilius</span> 
     </span>
     <span class='ocr_line' id='line_1_20' title="bbox 138 1864 1143 1948; baseline -0.004 -18"><span class='ocrx_word' id='word_1_152' title='bbox 138 1867 188 1930; x_wconf 92' lang='lat' dir='ltr'>lac</span> <span class='ocrx_word' id='word_1_153' title='bbox 226 1864 431 1948; x_wconf 84' lang='lat' dir='ltr'>suppeditare</span> <span class='ocrx_word' id='word_1_154' title='bbox 469 1864 582 1947; x_wconf 88' lang='lat' dir='ltr'>possit.</span> <span class='ocrx_word' id='word_1_155' title='bbox 638 1864 696 1945; x_wconf 91' lang='lat' dir='ltr'>[in]</span> <span class='ocrx_word' id='word_1_156' title='bbox 730 1865 847 1947; x_wconf 90' lang='lat' dir='ltr'>quibus</span> <span class='ocrx_word' id='word_1_157' title='bbox 879 1864 992 1929; x_wconf 88' lang='lat' dir='ltr'>hordei</span> <span class='ocrx_word' id='word_1_158' title='bbox 1025 1866 1143 1931; x_wconf 85' lang='lat' dir='ltr'>circiter</span> 
     </span>
     <span class='ocr_line' id='line_1_21' title="bbox 139 1953 1167 2038; baseline -0.003 -20"><span class='ocrx_word' id='word_1_159' title='bbox 139 1955 234 2018; x_wconf 92' lang='lat' dir='ltr'>binas</span> <span class='ocrx_word' id='word_1_160' title='bbox 253 1953 353 2018; x_wconf 87' lang='lat' dir='ltr'>libras</span> <span class='ocrx_word' id='word_1_161' title='bbox 373 1974 459 2036; x_wconf 89' lang='lat' dir='ltr'>aqua</span> <span class='ocrx_word' id='word_1_162' title='bbox 477 1953 676 2018; x_wconf 86' lang='lat' dir='ltr'>madefactas</span> <span class='ocrx_word' id='word_1_163' title='bbox 696 1953 771 2018; x_wconf 88' lang='lat' dir='ltr'>dare</span> <span class='ocrx_word' id='word_1_164' title='bbox 786 1953 901 2037; x_wconf 89' lang='lat' dir='ltr'>solent,</span> <span class='ocrx_word' id='word_1_165' title='bbox 919 1953 1167 2038; x_wconf 70' lang='lat' dir='ltr'>quodquidam</span> 
     </span>
     <span class='ocr_line' id='line_1_22' title="bbox 137 2041 1140 2127; baseline -0.007 -20"><span class='ocrx_word' id='word_1_166' title='bbox 137 2043 313 2127; x_wconf 88' lang='lat' dir='ltr'>duplicant,</span> <span class='ocrx_word' id='word_1_167' title='bbox 336 2046 373 2106; x_wconf 93' lang='lat' dir='ltr'>ut</span> <span class='ocrx_word' id='word_1_168' title='bbox 394 2042 438 2106; x_wconf 89' lang='lat' dir='ltr'>sit</span> <span class='ocrx_word' id='word_1_169' title='bbox 456 2063 550 2106; x_wconf 90' lang='lat' dir='ltr'>mane</span> <span class='ocrx_word' id='word_1_170' title='bbox 569 2047 601 2106; x_wconf 90' lang='lat' dir='ltr'>et</span> <span class='ocrx_word' id='word_1_171' title='bbox 619 2043 754 2126; x_wconf 87' lang='lat' dir='ltr'>vesperi,</span> <span class='ocrx_word' id='word_1_172' title='bbox 777 2042 805 2106; x_wconf 88' lang='lat' dir='ltr'>si</span> <span class='ocrx_word' id='word_1_173' title='bbox 825 2041 890 2105; x_wconf 91' lang='lat' dir='ltr'>alia</span> <span class='ocrx_word' id='word_1_174' title='bbox 908 2062 991 2126; x_wconf 89' lang='lat' dir='ltr'>quae</span> <span class='ocrx_word' id='word_1_175' title='bbox 1009 2041 1140 2106; x_wconf 86' lang='lat' dir='ltr'>obiciant</span> 
     </span>
     <span class='ocr_line' id='line_1_23' title="bbox 87 2130 1139 2214; baseline -0.002 -21"><span class='ocrx_word' id='word_1_176' title='bbox 87 2138 204 2197; x_wconf 84' lang='grc'><strong>1611011</strong></span> <span class='ocrx_word' id='word_1_177' title='bbox 225 2131 408 2196; x_wconf 88' lang='lat' dir='ltr'>habuerint.</span> <span class='ocrx_word' id='word_1_178' title='bbox 454 2152 527 2195; x_wconf 91' lang='lat' dir='ltr'>cum</span> <span class='ocrx_word' id='word_1_179' title='bbox 551 2132 642 2214; x_wconf 91' lang='lat' dir='ltr'>porci</span> <span class='ocrx_word' id='word_1_180' title='bbox 665 2130 790 2214; x_wconf 86' lang='lat' dir='ltr'>depulsi</span> <span class='ocrx_word' id='word_1_181' title='bbox 814 2133 891 2195; x_wconf 89' lang='lat' dir='ltr'>sunt</span> <span class='ocrx_word' id='word_1_182' title='bbox 914 2152 934 2194; x_wconf 90' lang='lat' dir='ltr'>a</span> <span class='ocrx_word' id='word_1_183' title='bbox 957 2148 1139 2212; x_wconf 70' lang='lat' dir='ltr'>mammae</span> 
     </span>
     <span class='ocr_line' id='line_1_24' title="bbox 139 2215 1138 2304; baseline -0.003 -22"><span class='ocrx_word' id='word_1_184' title='bbox 139 2219 332 2304; x_wconf 90' lang='lat' dir='ltr'>quibusdam</span> <span class='ocrx_word' id='word_1_185' title='bbox 362 2219 455 2283; x_wconf 90' lang='lat' dir='ltr'>delici</span> <span class='ocrx_word' id='word_1_186' title='bbox 479 2220 684 2303; x_wconf 87' lang='lat' dir='ltr'>appellantur</span> <span class='ocrx_word' id='word_1_187' title='bbox 706 2241 809 2303; x_wconf 91' lang='lat' dir='ltr'>neque</span> <span class='ocrx_word' id='word_1_188' title='bbox 831 2219 898 2283; x_wconf 87' lang='lat' dir='ltr'>iam</span> <span class='ocrx_word' id='word_1_189' title='bbox 921 2219 1081 2284; x_wconf 88' lang='lat' dir='ltr'>lactantes</span> <span class='ocrx_word' id='word_1_190' title='bbox 1102 2215 1138 2280; x_wconf 90' lang='lat' dir='ltr'>di·</span> 
     </span>
     <span class='ocr_line' id='line_1_25' title="bbox 139 2304 1138 2392; baseline -0.006 -19"><span class='ocrx_word' id='word_1_191' title='bbox 139 2312 262 2390; x_wconf 89' lang='lat' dir='ltr'>cuntur,</span> <span class='ocrx_word' id='word_1_192' title='bbox 285 2308 340 2391; x_wconf 90' lang='lat' dir='ltr'>qui</span> <span class='ocrx_word' id='word_1_193' title='bbox 364 2328 383 2370; x_wconf 90' lang='lat' dir='ltr'>a</span> <span class='ocrx_word' id='word_1_194' title='bbox 404 2312 502 2392; x_wconf 90' lang='lat' dir='ltr'>partu</span> <span class='ocrx_word' id='word_1_195' title='bbox 526 2307 649 2373; x_wconf 88' lang='lat' dir='ltr'>docimo</span> <span class='ocrx_word' id='word_1_196' title='bbox 674 2307 725 2372; x_wconf 88' lang='lat' dir='ltr'>die</span> <span class='ocrx_word' id='word_1_197' title='bbox 748 2307 911 2373; x_wconf 89' lang='lat' dir='ltr'>habentur</span> <span class='ocrx_word' id='word_1_198' title='bbox 937 2307 1026 2391; x_wconf 91' lang='lat' dir='ltr'>puri,</span> <span class='ocrx_word' id='word_1_199' title='bbox 1053 2312 1086 2372; x_wconf 88' lang='lat' dir='ltr'>et</span> <span class='ocrx_word' id='word_1_200' title='bbox 1105 2304 1138 2370; x_wconf 89' lang='lat' dir='ltr'>ab</span> 
     </span>
     <span class='ocr_line' id='line_1_26' title="bbox 138 2392 1163 2480; baseline -0.004 -19"><span class='ocrx_word' id='word_1_201' title='bbox 138 2419 176 2462; x_wconf 90' lang='lat' dir='ltr'>eo</span> <span class='ocrx_word' id='word_1_202' title='bbox 200 2397 405 2480; x_wconf 89' lang='lat' dir='ltr'>appellantur</span> <span class='ocrx_word' id='word_1_203' title='bbox 429 2397 470 2460; x_wconf 92' lang='lat' dir='ltr'>ab</span> <span class='ocrx_word' id='word_1_204' title='bbox 495 2397 635 2480; x_wconf 90' lang='lat' dir='ltr'>antiquis</span> <span class='ocrx_word' id='word_1_205' title='bbox 659 2418 775 2479; x_wconf 89' lang='lat' dir='ltr'>sacres,</span> <span class='ocrx_word' id='word_1_206' title='bbox 799 2396 885 2480; x_wconf 89' lang='lat' dir='ltr'>quod</span> <span class='ocrx_word' id='word_1_207' title='bbox 905 2398 976 2460; x_wconf 91' lang='lat' dir='ltr'>tum</span> <span class='ocrx_word' id='word_1_208' title='bbox 995 2396 1037 2460; x_wconf 87' lang='lat' dir='ltr'>ad</span> <span class='ocrx_word' id='word_1_209' title='bbox 1056 2392 1163 2462; x_wconf 74' lang='lat' dir='ltr'>sacri-t</span> 
     </span>
     <span class='ocr_line' id='line_1_27' title="bbox 137 2484 1139 2570; baseline -0.006 -19"><span class='ocrx_word' id='word_1_210' title='bbox 137 2486 246 2551; x_wconf 90' lang='lat' dir='ltr'>ficium</span> <span class='ocrx_word' id='word_1_211' title='bbox 269 2486 377 2550; x_wconf 89' lang='lat' dir='ltr'>idonei</span> <span class='ocrx_word' id='word_1_212' title='bbox 401 2485 552 2549; x_wconf 89' lang='lat' dir='ltr'>dicuntur</span> <span class='ocrx_word' id='word_1_213' title='bbox 574 2486 724 2570; x_wconf 88' lang='lat' dir='ltr'>primum.</span> <span class='ocrx_word' id='word_1_214' title='bbox 761 2487 870 2570; x_wconf 91' lang='lat' dir='ltr'>itaque</span> <span class='ocrx_word' id='word_1_215' title='bbox 894 2487 975 2568; x_wconf 89' lang='lat' dir='ltr'>aput</span> <span class='ocrx_word' id='word_1_216' title='bbox 996 2484 1139 2550; x_wconf 87' lang='lat' dir='ltr'>Plautum</span> 
     </span>
     <span class='ocr_line' id='line_1_28' title="bbox 137 2574 1139 2659; baseline -0.003 -20"><span class='ocrx_word' id='word_1_217' title='bbox 137 2576 172 2639; x_wconf 93' lang='lat' dir='ltr'>in</span> <span class='ocrx_word' id='word_1_218' title='bbox 196 2574 437 2656; x_wconf 89' lang='lat' dir='ltr'>Menaechimis,</span> <span class='ocrx_word' id='word_1_219' title='bbox 460 2595 532 2659; x_wconf 85' lang='lat' dir='ltr'>cum</span> <span class='ocrx_word' id='word_1_220' title='bbox 556 2574 708 2638; x_wconf 89' lang='lat' dir='ltr'>insanum</span> <span class='ocrx_word' id='word_1_221' title='bbox 732 2596 828 2659; x_wconf 92' lang='lat' dir='ltr'>quem</span> <span class='ocrx_word' id='word_1_222' title='bbox 844 2576 953 2658; x_wconf 88' lang='lat' dir='ltr'>putat,</span> <span class='ocrx_word' id='word_1_223' title='bbox 976 2576 1015 2637; x_wconf 90' lang='lat' dir='ltr'>ut</span> <span class='ocrx_word' id='word_1_224' title='bbox 1035 2574 1139 2658; x_wconf 86' lang='lat' dir='ltr'>pietur,</span> 
     </span>
     <span class='ocr_line' id='line_1_29' title="bbox 137 2661 1138 2747; baseline -0.006 -21"><span class='ocrx_word' id='word_1_225' title='bbox 137 2663 171 2726; x_wconf 91' lang='lat' dir='ltr'>in</span> <span class='ocrx_word' id='word_1_226' title='bbox 196 2664 314 2747; x_wconf 92' lang='lat' dir='ltr'>oppido</span> <span class='ocrx_word' id='word_1_227' title='bbox 337 2662 522 2746; x_wconf 78' lang='lat' dir='ltr'>Epidamno</span> <span class='ocrx_word' id='word_1_228' title='bbox 547 2662 727 2747; x_wconf 85' lang='lat' dir='ltr'>interrogat</span> <span class='ocrx_word' id='word_1_229' title='bbox 750 2661 873 2746; x_wconf 73' lang='lat' dir='ltr'>‘quanti</span> <span class='ocrx_word' id='word_1_230' title='bbox 890 2661 944 2726; x_wconf 92' lang='lat' dir='ltr'>hic</span> <span class='ocrx_word' id='word_1_231' title='bbox 963 2663 1056 2745; x_wconf 92' lang='lat' dir='ltr'>porci</span> <span class='ocrx_word' id='word_1_232' title='bbox 1074 2663 1138 2726; x_wconf 88' lang='lat' dir='ltr'>sunt</span> 
     </span>
    </p>
   </div>
   <div class='ocr_carea' id='block_1_3' title="bbox 135 2853 1140 3210">
    <p class='ocr_par' dir='ltr' id='par_1_3' title="bbox 135 2853 1140 3210">
     <span class='ocr_line' id='line_1_30' title="bbox 228 2853 1138 2925; baseline -0.003 -18"><span class='ocrx_word' id='word_1_233' title='bbox 228 2854 364 2909; x_wconf 84' lang='lat' dir='ltr'>lcxsiles</span> <span class='ocrx_word' id='word_1_234' title='bbox 462 2854 696 2924; x_wconf 65' lang='lat' dir='ltr'>tersiguitatem</span> <span class='ocrx_word' id='word_1_235' title='bbox 790 2853 907 2925; x_wconf 72' lang='lat' dir='ltr'>thara]</span> <span class='ocrx_word' id='word_1_236' title='bbox 927 2855 998 2908; x_wconf 88' lang='lat' dir='ltr'>hora</span> <span class='ocrx_word' id='word_1_237' title='bbox 1092 2863 1138 2920; x_wconf 86' lang='lat' dir='ltr'>quo</span> 
     </span>
     <span class='ocr_line' id='line_1_31' title="bbox 137 2920 1139 2995; baseline -0.004 -15"><span class='ocrx_word' id='word_1_238' title='bbox 137 2926 243 2981; x_wconf 90' lang='lat' dir='ltr'>alienos</span> <span class='ocrx_word' id='word_1_239' title='bbox 263 2927 448 2995; x_wconf 87' lang='lat' dir='ltr'>aspernantur</span> <span class='ocrx_word' id='word_1_240' title='bbox 503 2925 661 2981; x_wconf 77' lang='lat' dir='ltr'>fideterius</span> <span class='ocrx_word' id='word_1_241' title='bbox 717 2932 848 2980; x_wconf 76' lang='lat' dir='ltr'>osorum</span> <span class='ocrx_word' id='word_1_242' title='bbox 907 2924 1010 2979; x_wconf 86' lang='lat' dir='ltr'>bifaria</span> <span class='ocrx_word' id='word_1_243' title='bbox 1064 2920 1139 2978; x_wconf 74' lang='lat' dir='ltr'>orbs</span> 
     </span>
     <span class='ocr_line' id='line_1_32' title="bbox 135 2992 1140 3066; baseline -0.004 -16"><span class='ocrx_word' id='word_1_244' title='bbox 135 2998 240 3052; x_wconf 86' lang='lat' dir='ltr'>terram</span> <span class='ocrx_word' id='word_1_245' title='bbox 322 3001 355 3049; x_wconf 91' lang='lat'>10</span> <span class='ocrx_word' id='word_1_246' title='bbox 373 3012 517 3066; x_wconf 82' lang='lat' dir='ltr'>praegnax</span> <span class='ocrx_word' id='word_1_247' title='bbox 604 3003 636 3051; x_wconf 88' lang='grc'>16</span> <span class='ocrx_word' id='word_1_248' title='bbox 653 2997 788 3051; x_wconf 84' lang='lat' dir='ltr'>harenam</span> <span class='ocrx_word' id='word_1_249' title='bbox 808 3000 933 3064; x_wconf 87' lang='lat' dir='ltr'>(arenam</span> <span class='ocrx_word' id='word_1_250' title='bbox 957 2995 996 3064; x_wconf 90' lang='lat' dir='ltr'>V)</span> <span class='ocrx_word' id='word_1_251' title='bbox 1049 3001 1081 3049; x_wconf 75' lang='lat'>17</span> <span class='ocrx_word' id='word_1_252' title='bbox 1097 2992 1140 3046; x_wconf 87' lang='lat' dir='ltr'>hu·</span> 
     </span>
     <span class='ocr_line' id='line_1_33' title="bbox 136 3064 1140 3138; baseline -0.006 -16"><span class='ocrx_word' id='word_1_253' title='bbox 136 3086 243 3124; x_wconf 90' lang='lat' dir='ltr'>morem</span> <span class='ocrx_word' id='word_1_254' title='bbox 330 3072 362 3122; x_wconf 88' lang='lat'>18</span> <span class='ocrx_word' id='word_1_255' title='bbox 381 3068 493 3138; x_wconf 87' lang='lat' dir='ltr'>peperit</span> <span class='ocrx_word' id='word_1_256' title='bbox 511 3068 664 3138; x_wconf 84' lang='lat' dir='ltr'>(pepererit</span> <span class='ocrx_word' id='word_1_257' title='bbox 688 3068 726 3136; x_wconf 87' lang='lat' dir='ltr'>V)</span> <span class='ocrx_word' id='word_1_258' title='bbox 818 3072 853 3121; x_wconf 89' lang='grc'>20</span> <span class='ocrx_word' id='word_1_259' title='bbox 872 3066 1002 3136; x_wconf 89' lang='lat' dir='ltr'>quodque</span> <span class='ocrx_word' id='word_1_260' title='bbox 1022 3064 1140 3122; x_wconf 62' lang='grc' dir='ltr'><strong>111111ῡά1-</strong></span> 
     </span>
     <span class='ocr_line' id='line_1_34' title="bbox 136 3138 1115 3210; baseline -0.004 -16"><span class='ocrx_word' id='word_1_261' title='bbox 136 3140 284 3210; x_wconf 89' lang='lat' dir='ltr'>publicant</span> <span class='ocrx_word' id='word_1_262' title='bbox 356 3145 389 3192; x_wconf 86' lang='grc'>23</span> <span class='ocrx_word' id='word_1_263' title='bbox 409 3139 489 3193; x_wconf 86' lang='lat' dir='ltr'>deliti</span> <span class='ocrx_word' id='word_1_264' title='bbox 562 3145 596 3195; x_wconf 87' lang='grc'>28</span> <span class='ocrx_word' id='word_1_265' title='bbox 616 3138 766 3209; x_wconf 88' lang='lat' dir='ltr'>epidamdo</span> <span class='ocrx_word' id='word_1_266' title='bbox 1112 3157 1115 3163; x_wconf 91' lang='lat'>·</span> 
     </span>
    </p>
   </div>
   <div class='ocr_carea' id='block_1_4' title="bbox 122 3331 1142 3465">
    <p class='ocr_par' dir='ltr' id='par_1_4' title="bbox 122 3331 1142 3465">
     <span class='ocr_line' id='line_1_35' title="bbox 224 3331 1141 3402; baseline -0.003 -12"><span class='ocrx_word' id='word_1_267' title='bbox 224 3342 241 3390; x_wconf 84' lang='lat'>4</span> <span class='ocrx_word' id='word_1_268' title='bbox 259 3336 363 3391; x_wconf 85' lang='lat' dir='ltr'>harao</span> <span class='ocrx_word' id='word_1_269' title='bbox 471 3333 539 3402; x_wconf 88' lang='lat' dir='ltr'>quia</span> <span class='ocrx_word' id='word_1_270' title='bbox 561 3333 669 3390; x_wconf 88' lang='lat' dir='ltr'>alienos</span> <span class='ocrx_word' id='word_1_271' title='bbox 690 3351 746 3389; x_wconf 90' lang='lat' dir='ltr'>non</span> <span class='ocrx_word' id='word_1_272' title='bbox 766 3335 951 3402; x_wconf 84' lang='lat' dir='ltr'>aspernantur</span> <span class='ocrx_word' id='word_1_273' title='bbox 969 3331 1141 3388; x_wconf 66' lang='lat' dir='ltr'>artmano</span> 
     </span>
     <span class='ocr_line' id='line_1_36' title="bbox 122 3401 1142 3465; baseline -0.005 -5"><span class='ocrx_word' id='word_1_274' title='bbox 122 3413 260 3463; x_wconf 66' lang='lat' dir='ltr'>aearum</span> <span class='ocrx_word' id='word_1_275' title='bbox 290 3408 431 3465; x_wconf 77' lang='lat' dir='ltr'>Victoriae</span> <span class='ocrx_word' id='word_1_276' title='bbox 495 3404 662 3462; x_wconf 80' lang='lat' dir='ltr'>bilariamo</span> <span class='ocrx_word' id='word_1_277' title='bbox 721 3406 794 3459; x_wconf 69' lang='lat' dir='ltr'>aab</span> <span class='ocrx_word' id='word_1_278' title='bbox 808 3406 918 3458; x_wconf 61' lang='lat' dir='ltr'>murac</span> <span class='ocrx_word' id='word_1_279' title='bbox 978 3401 1142 3459; x_wconf 77' lang='lat' dir='ltr'>23de1icio</span> 
     </span>
    </p>
   </div>
   <div class='ocr_carea' id='block_1_5' title="bbox 108 3480 391 3552">
    <p class='ocr_par' dir='ltr' id='par_1_5' title="bbox 108 3480 391 3552">
     <span class='ocr_line' id='line_1_37' title="bbox 108 3480 391 3552; baseline 0.028 -19"><span class='ocrx_word' id='word_1_280' title='bbox 108 3481 147 3530; x_wconf 80' lang='lat'>28</span> <span class='ocrx_word' id='word_1_281' title='bbox 164 3480 339 3552; x_wconf 84' lang='lat' dir='ltr'>Epidamno</span> <span class='ocrx_word' id='word_1_282' title='bbox 360 3499 391 3541; x_wconf 70' lang='grc' dir='ltr'>ν’</span> 
     </span>
    </p>
   </div>
   <div class='ocr_carea' id='block_1_6' title="bbox 0 0 1198 3742">
    <p class='ocr_par' dir='ltr' id='par_1_6' title="bbox 0 0 1198 3742">
     <span class='ocr_line' id='line_1_38' title="bbox 0 0 1198 3742; baseline 0 1"><span class='ocrx_word' id='word_1_283' title='bbox 0 0 1198 3742; x_wconf 95' lang='lat' dir='ltr'> </span> 
     </span>
    </p>
   </div>
  </div>
 </body>
</html>
