2386 3742
19 3652 52 3696 h

132 128 195 193 128
543 125 730 182 VARRONIS

130 279 236 339 resset
258 273 383 357 villam,
412 295 446 337 se
474 294 573 356 supra
595 275 725 337 centum
748 270 841 335 milia
865 293 883 336 e
906 271 987 335 villa
1005 274 1145 355 receptu·

130 386 203 428 rum
232 364 349 447 [agrol
405 381 464 446 age
491 383 559 427 non
586 361 630 425 M.
653 360 735 426 (lato
765 381 884 445 nuper,
920 382 997 425 cum
1025 359 1145 425 Luculli

131 452 257 534 accepit
282 450 432 533 tutelam,
465 472 482 514 e
509 451 643 534 piscinis
673 451 742 515 eius
772 448 990 533 quadraginta
1019 449 1142 513 milibus

80 548 120 607 18
134 540 290 605 sestertiis
316 538 462 607 vendidit
483 538 605 624 piscis?
650 538 766 621 Axius,
794 537 920 602 Merula
943 537 1007 617 mi,
1037 537 1142 622 inquit,

132 629 240 713 recipe
265 650 315 693 me
339 649 460 712 quaeso
484 628 680 713 discipulum
698 626 860 692 villaticae
878 626 1054 710 pastionis.
1083 625 1142 707 Ille,
1159 638 1174 685 ι·

133 718 203 795 Qui·
219 718 356 783 simulac
378 717 565 802 promiseris
587 717 760 801 minerval,
783 715 952 798 incipiam,
975 715 1083 800 inquit
1104 713 1141 795 [id

134 811 184 873 cst
211 809 347 888 cenam].
393 805 466 890 Ego
494 827 569 870 vero
594 827 661 869 non
684 826 811 888 recuso,
838 804 890 869 vel
916 804 1017 869 hodie
1045 805 1090 869 ccl
1110 823 1141 867 ex

133 895 198 961 ista
221 896 372 979 pastione
396 895 516 960 crebro.
562 894 699 979 Appius,
722 892 826 958 Credo
850 893 988 958 simulac
1011 893 1140 976 primum

134 1005 172 1048 ex
200 984 264 1049 isto
294 984 438 1049 villatico
461 1004 578 1066 pecore
601 983 722 1047 mortui
744 985 839 1046 erunt
862 1002 993 1046 anseres
1011 985 1075 1047 aut
1094 1001 1140 1065 pa·

132 1095 244 1138 vones.
272 1070 332 1138 Oui
350 1073 415 1156 ille,
439 1070 523 1147 Quid
547 1071 633 1136 enim
656 1071 802 1154 interest,
824 1073 935 1134 utrum
957 1071 1166 1135 morticinasu

134 1162 229 1225 editis
247 1161 395 1226 volueres
415 1183 457 1226 an
475 1161 591 1247 pisces,
614 1182 695 1246 quos
713 1159 778 1225 nisi
797 1163 944 1224 mortuos
963 1161 1044 1224 estis
1062 1179 1141 1224 num·

135 1249 254 1333 quam?
278 1250 335 1314 sed
358 1272 415 1314 oro
438 1253 482 1334 te,
503 1249 620 1334 inquit,
642 1249 760 1313 induce
782 1270 834 1313 me
852 1247 888 1311 in
906 1249 994 1312 viam
1012 1245 1141 1331 discipli·

135 1359 197 1403 nee
211 1338 374 1403 villaticae
388 1339 549 1422 pastionis
565 1360 603 1403 ac
621 1339 688 1402 vim
705 1338 909 1421 formamque
929 1338 998 1402 eius
1021 1355 1141 1421 expone.

80 1424 121 1481 ΠΙ
222 1426 350 1492 Merula
377 1448 443 1491 non
470 1431 620 1512 gravate,
652 1426 810 1509 Primum,
837 1426 957 1509 inquit,
985 1427 1142 1492 dominum

135 1516 289 1583 scientem
322 1538 392 1581 esse
425 1519 555 1600 oportet
590 1537 700 1579 earum
732 1537 868 1598 rerum,
895 1536 978 1598 quae
1010 1515 1046 1579 in
1076 1513 1168 1578 ullae

135 1607 296 1670 circumve
320 1627 392 1670 eam
422 1605 603 1686 [animalia]
636 1603 680 1668 ali
704 1626 741 1669 ac
763 1603 855 1686 pasci
877 1604 1021 1686 possint,
1047 1604 1144 1668 itaut

135 1694 267 1758 domino
296 1694 363 1757 sint
389 1693 509 1758 fructui
537 1714 575 1757 ac
602 1691 819 1758 delectationi.
865 1693 934 1756 eius
965 1691 1144 1776 disciplinae

135 1801 257 1865 genera
275 1786 352 1847 sunt
369 1783 443 1866 tria,
467 1781 666 1862 ornithonas,
685 1780 858 1866 leporaria,
875 1781 1031 1864 piscinae.
1069 1799 1144 1845 nunc

136 1871 328 1936 ornithonas
356 1870 428 1936 dico
457 1871 601 1936 omnium
625 1871 755 1955 alitum,
788 1891 870 1954 quac
897 1870 986 1934 intra
1013 1869 1143 1953 parietes

105 1951 233 2025 2villae
261 1960 367 2025 solent
396 1961 495 2043 pasci.
540 1959 703 2043 leporario
735 1963 768 2023 te
801 1958 949 2042 accipere
979 1959 1055 2024 volo
1078 1974 1170 2039 ‚nora

136 2071 174 2113 ea
197 2070 278 2133 quae
301 2049 414 2114 tritavi
436 2049 543 2113 nostri
567 2049 733 2131 dicebant,
759 2048 816 2112 ubi
840 2046 902 2111 soli
925 2047 1054 2131 lepores
1078 2047 1143 2123 siut,

136 2137 192 2202 se‘d
216 2138 326 2202 omnia
350 2140 476 2221 saepta,
507 2137 626 2202 adficta
648 2136 746 2202 villae
769 2157 852 2221 quae
876 2139 955 2201 sunt
977 2140 1010 2202 et
1032 2135 1143 2201 habent

135 2226 260 2290 inclusa
289 2226 456 2308 animalia,
487 2248 569 2309 quae
597 2229 783 2309 pascantur.
829 2225 980 2290 similiter
1011 2225 1143 2309 piscinas

136 2314 208 2379 dico
232 2335 297 2398 eas,
320 2336 402 2397 quae
425 2314 461 2378 in
480 2337 566 2399 aqua
584 2314 669 2381 dulci
688 2318 746 2379 aut
764 2314 851 2379 salsa
869 2314 1014 2379 inclusos
1032 2313 1144 2379 habent

105 2395 240 2487 3pisces
266 2403 305 2468 ad
329 2402 450 2468 villam.
494 2404 610 2468 harum
633 2425 738 2468 reram
762 2403 893 2488 singula
915 2423 1036 2488 genera
1059 2400 1171 2468 mini-s

135 2515 222 2556 mum
252 2493 287 2557 in
310 2492 405 2557 binas
429 2493 551 2576 species
576 2492 677 2556 dividi
699 2498 846 2576 possunt,
866 2492 908 2562 ,in
930 2491 1038 2576 prima
1061 2494 1145 2577 parte

135 2586 173 2647 ut
203 2583 271 2647 sint
301 2603 384 2665 quae
411 2587 499 2646 terra
525 2580 621 2646 modo
647 2581 712 2646 sint
736 2583 917 2665 contentae,
940 2584 978 2645 ut
1000 2584 1078 2647 sunt
1099 2601 1146 2665 pa·

136 2692 236 2735 vones
259 2673 402 2735 turtures
425 2670 526 2735 turdi:
563 2671 599 2734 iac
624 2670 729 2734 altera
753 2670 861 2755 specie
884 2673 960 2735 eunt
983 2692 1068 2754 quae
1088 2689 1147 2735 non

137 2762 214 2822 sunt
241 2763 413 2823 contentae
441 2763 530 2823 terra
557 2759 677 2843 solum,
707 2759 885 2824 sedetiam
909 2757 1147 2843 aquamrequi·
1183 2788 1185 2827 ι

136 2850 221 2932 runt,
240 2850 277 2912 ut
296 2851 374 2912 sunt
393 2869 523 2912 anseres
544 2848 779 2931 querquedulae
799 2851 921 2914 anates.
950 2846 997 2912 sic
1015 2847 1175 2912 alteruma

135 2956 239 3020 genus
276 2935 352 3001 illut
388 2938 571 3002 venaticum
604 2936 685 3002 duas
717 2937 818 3001 habet
846 2936 989 3001 diversas
1023 2937 1148 3019 species,

228 3113 439 3180 lrecepturum
457 3128 526 3181 agro
545 3127 599 3180 age
618 3114 696 3182 (agro
716 3126 768 3166 cm.
791 3110 829 3181 V)
890 3109 1017 3164 alueilli
1077 3117 1185 3185 4se·4

136 3182 232 3237 stertis
279 3182 360 3237 ivel
375 3185 526 3252 posteriore
544 3184 601 3238 loco
619 3199 670 3238 om.
717 3187 751 3236 1e
770 3180 846 3253 eam]
865 3197 898 3235 ea
950 3185 983 3234 18
1008 3181 1076 3254 tria]
1095 3183 1151 3237 aa

137 3259 169 3308 21
191 3252 257 3324 soli]
277 3252 354 3308 soliti
427 3257 461 3309 25
475 3271 568 3308 rerum
587 3269 638 3309 cm.
711 3259 745 3310 28
764 3253 794 3307 in
812 3257 876 3308 cate
894 3251 985 3307 altere
1003 3268 1055 3310 om.

218 3421 237 3471 2
254 3411 370 3472 Luculli
389 3432 406 3472 c
481 3419 515 3470 lt
535 3411 676 3471 circumue
693 3429 755 3468 eam
774 3412 846 3468 alic
919 3419 952 3467 21
973 3410 1028 3468 soli
1046 3413 1152 3485 lepores

114 3484 231 3545 Gellius
250 3490 298 3546 II
310 3493 362 3562 20,
381 3495 405 3549 2
