2386 3742
273 117 403 172 RERVM
420 117 656 174 avsrlcanvn
675 118 743 174 LIB.
758 118 845 174 11116
1008 119 1071 184 159

57 262 168 348 potius
196 284 291 346 quam
321 262 468 346 hiberno,
496 262 582 347 quod
609 262 715 327 hieme
743 263 915 328 difficulter
938 285 1072 329 consue·

58 354 154 417 scunt
183 351 295 434 [quod]
324 353 502 415 translatae
530 373 675 432 manere,
708 352 817 436 itaque
846 351 977 436 fugiunt
1003 352 1072 436 ple-

57 460 202 524 rumque.
249 440 277 504 si
305 460 322 503 e
349 440 435 504 bono
459 440 531 504 loco
555 440 760 504 transtuleris
791 462 842 523 eo,
870 441 926 506 ubi
954 441 1072 506 idonea

57 528 227 612 pabulatio
251 550 317 593 uon
340 529 393 611 sit,
416 527 575 613 fugitivae
597 528 689 592 fiunt.
733 550 802 612 nec,
825 530 852 592 si
876 551 914 594 ex
939 529 1012 594 alvo
1035 529 1070 593 in

30 617 167 684 salvum
190 617 225 680 in
248 617 361 680 eodem
385 617 456 681 loco
480 616 621 699 traicias,
646 618 857 702 neglegenter
880 617 1070 703 faciendum,

57 705 115 769 sed
137 708 170 769 et
192 705 228 769 iu
249 725 344 787 quum
366 705 561 770 transiturae
584 705 651 770 sint
670 727 758 790 apes,
781 727 819 770 ea
838 706 982 790 apiastro
1000 729 1070 791 per·
1081 714 1122 771 22

56 793 213 876 fricanda,
237 794 324 877 quod
346 793 491 858 inlicium
514 793 577 858 hoc
599 793 675 877 illis,
699 799 732 858 et
755 794 822 859 favi
845 794 961 859 melliti
981 796 1071 860 intus

55 881 199 965 ponendi
218 904 237 946 a
257 881 405 947 faucibus
419 904 485 947 non
499 881 606 966 longe,
624 904 674 965 ne,
692 904 764 947 cum
784 881 1072 948 animadverterint

57 973 115 1034 aut
142 969 288 1053 inopiam
316 991 386 1034 esse
413 992 431 1032 a
457 969 610 1035 habuisse
639 970 717 1035 dicit
735 1019 743 1035 .
760 971 789 1034 is
818 972 878 1055 ait,
905 993 977 1035 cum
1006 972 1072 1036 sint

15 1086 42 1126 ro
57 1079 135 1142 apes
167 1058 333 1123 morbidae
365 1063 499 1142 propter
529 1059 681 1142 primoris
712 1081 829 1125 vernos
855 1064 983 1144 pastus,
1015 1060 1071 1143 qui

57 1168 98 1210 ex
130 1146 264 1212 floribus
292 1147 383 1211 nucis
413 1167 549 1232 graecae
578 1151 610 1211 et
637 1169 753 1212 cornus
781 1148 876 1230 flunt,
911 1148 1070 1213 coeliacus

55 1234 127 1298 fieri
155 1239 251 1320 atque
279 1235 373 1299 urina
400 1239 479 1320 pota
505 1236 704 1301 reficiendas.
755 1237 915 1320 propolim
943 1240 1071 1320 vocant,
1082 1244 1123 1301 23

56 1345 74 1387 e
108 1345 170 1408 quo
202 1323 326 1388 faciunt
353 1324 393 1388 ad
420 1324 565 1388 foramen
597 1324 751 1389 introitus
784 1328 966 1408 protectum
994 1329 1070 1389 ante

57 1411 167 1475 alvum
190 1412 331 1477 maxime
354 1415 486 1477 aestate.
530 1434 626 1496 quam
649 1435 718 1479 rem
742 1415 840 1477 etiam
863 1414 995 1478 nomine
1019 1435 1071 1478 co·

15 1527 42 1568 11
57 1500 130 1563 dem
155 1501 270 1565 medici
292 1503 427 1564 utuntur
449 1501 484 1564 in
507 1501 702 1584 emplastris,
724 1506 859 1586 propter
884 1523 979 1585 quam
1002 1524 1070 1566 rem

56 1588 156 1653 etiam
180 1589 286 1653 carius
308 1589 342 1653 in
365 1610 457 1654 sacra
480 1589 533 1653 via
555 1611 652 1674 quam
676 1591 739 1654 mel
762 1591 860 1655 venit.
905 1590 1069 1654 erithacen

56 1681 183 1759 vocant,
203 1699 266 1760 quo
285 1677 377 1742 favos
397 1680 556 1742 extremos
574 1679 659 1742 inter
678 1699 712 1742 se
731 1679 966 1762 conglutinant,
985 1678 1070 1762 quod

57 1770 108 1829 est
141 1765 223 1830 aliut
254 1766 350 1829 melle
382 1770 412 1830 et
440 1767 581 1849 propoli:
618 1765 726 1850 itaque
754 1766 789 1830 in
817 1767 878 1831 hoc
905 1769 971 1832 vim
1001 1788 1072 1831 esse

56 1853 231 1920 inliciendi.
268 1855 417 1937 quocirca
436 1876 569 1919 examen
589 1855 645 1918 ubi
665 1856 779 1920 volunt
798 1856 973 1938 considere,
998 1877 1072 1920 eum

16 1968 42 2009 ro
57 1963 184 2006 ramum
209 1943 345 2007 aliamve
368 1964 465 2027 quam
488 1965 557 2007 rem
581 1943 733 2008 oblinunt
755 1945 818 2009 hoc
841 1944 985 2008 admixto
1005 1943 1070 2026 api-

57 2034 157 2096 astro.
201 2031 294 2094 favus
319 2033 384 2114 est,
407 2053 502 2115 quem
525 2032 655 2115 fingunt
677 2033 924 2097 multicavatum
949 2054 966 2097 e
989 2039 1124 2117 0011124

57 2140 131 2183 cum
159 2119 289 2203 singula
316 2141 396 2184 cava
419 2141 498 2184 sena
520 2120 624 2185 latera
645 2119 802 2203 habeant,
825 2123 906 2205 quot
929 2121 1070 2206 singulis

56 2207 155 2290 pedes
179 2207 266 2271 dedit
288 2211 413 2273 natura
450 2230 554 2292 neque
577 2229 659 2292 quae
682 2209 832 2273 adferunt
854 2209 894 2273 ad
917 2213 1070 2293 quattuor

57 2317 109 2359 res
128 2295 301 2372 faciendas,
324 2297 495 2381 propolim,
518 2297 692 2381 erithaoen,
715 2297 834 2381 favum,
858 2298 931 2382 mel,
957 2319 995 2362 ex
1017 2297 1070 2362 iis-

15 2406 42 2447 11
57 2383 130 2447 dem
149 2384 299 2448 omnibus
322 2385 419 2449 rebus
442 2407 573 2469 carpere
602 2386 721 2451 dicunt.
767 2386 916 2469 simplex,
947 2387 1031 2471 quod
1055 2407 1071 2450 e

57 2472 145 2537 malo
172 2472 291 2557 punico
320 2477 353 2537 et
380 2495 540 2558 asparago
572 2474 679 2538 cibum
711 2479 848 2557 carpant
880 2474 998 2559 solum,
1031 2497 1070 2538 ex

57 2561 129 2625 olea
152 2561 266 2625 arbore
284 2582 400 2644 ceram,
424 2561 520 2626 efico
539 2563 612 2642 mel,
636 2563 691 2627 sed
710 2584 776 2626 non
794 2564 924 2627 bonum.
954 2562 1124 2646 duplex25

57 2649 273 2714 ministerium
300 2649 463 2734 praeberi,
489 2653 527 2714 ut
557 2651 682 2735 efaba,
705 2651 864 2735 apiastro,
894 2650 1070 2736 cucurbita,

146 2827 237 2877 4non
261 2822 317 2876 sint
390 2822 462 2878 tin
484 2841 569 2892 quam
591 2840 641 2879 om.
713 2824 891 2893 perfricanda
909 2823 1070 2892 (perfrican-

56 2893 123 2946 dum
148 2893 187 2962 V)
258 2894 386 2949 edicitis
405 2894 448 2949 ait
520 2899 552 2947 11
572 2911 657 2949 cornu
731 2900 763 2949 12
785 2897 868 2964 potas
886 2893 964 2949 refici
982 2895 1016 2949 de
1035 2893 1070 2949 iis

55 2963 196 3034 propolim
269 2969 301 3019 13
320 2965 399 3036 ante]
418 2966 447 3019 in
521 2970 554 3019 17
579 2965 646 3036 quo]
666 2965 767 3034 quibus
841 2972 873 3021 18
892 2963 970 3021 aliud
989 2964 1071 3035 (aliut

56 3036 114 3089 cod.
130 3035 208 3102 Par.)
227 3036 310 3090 melle
325 3037 436 3106 propoli
450 3052 544 3106 011091.
559 3042 583 3091 et
603 3037 687 3104 Vict,
711 3036 789 3091 aliud
807 3037 864 3090 mel
883 3052 898 3090 e
916 3035 1027 3106 propoli
1046 3036 1074 3091 V

56 3110 90 3159 22
110 3104 575 3177 010101000010011091101ομΙο
594 3122 664 3162 caua
682 3107 710 3161 V
759 3109 838 3177 quot]
858 3109 932 3175 quod
969 3112 1003 3161 23
1022 3105 1069 3161 ad-

54 3175 183 3229 feruntur
255 3181 408 3247 25001010
480 3178 555 3246 quod
573 3177 649 3233 malo

146 3318 314 3373 elocuuum
341 3319 478 3374 iudicauit
505 3319 640 3374 Gamerae
713 3325 745 3374 12
775 3323 883 3389 potae
956 3324 989 3374 17
1014 3335 1069 3386 quo

55 3386 135 3441 fauos
155 3388 302 3445 Iucrurdus
374 3395 407 3444 18
427 3390 558 3444 melleet
580 3390 691 3460 propoli
714 3391 832 3446 Ursinus
903 3393 1074 3455 2600111010

55 3459 204 3514 Iucundos
276 3459 384 3516 amalo
404 3462 555 3519 luamus
