2386 3742
261 122 392 177 annun
406 87 648 178 'arancarum
667 123 736 178 nis.
751 122 763 175 1
778 127 882 177 re-ar
1033 123 1075 184 47

62 271 211 350 tempore
240 267 310 331 fieri
338 269 518 352 oportuerit
546 274 579 332 et
606 289 673 333 non
701 271 777 332 sunt
800 268 960 351 absoluta,
990 271 1079 331 ante·

63 378 162 440 quarn
182 375 326 441 gemmas
346 362 447 442 agant
463 357 682 420 ecflorescere
696 356 864 440 incipiant,
882 357 962 434 fieri,
981 357 1077 440 qnod,

62 445 92 509 si
116 466 198 528 quae
221 444 303 508 folia
322 449 472 508 amittere
491 446 598 509 solent
616 451 692 509 ante
710 445 861 509 frondere
879 447 1077 528 inceperunt,

62 533 177 598 statim
201 533 241 596 ad
266 533 436 597 serendum
459 533 574 598 idonea
597 556 663 598 non
687 537 771 598 sunt.
811 534 917 599 oleam
941 534 1005 598 seri
1028 535 1075 597 in·

35 622 286 705 rterputarique
310 626 448 705 oportet.

152 709 263 774 Tertio
287 710 461 775 intervallo
485 711 571 774 inter
593 710 801 794 vergiliarum
825 714 972 774 exortum
997 716 1029 774 et
1038 724 1128 779 XXXI

62 797 241 863 solstitium
267 798 348 863 haec
375 799 446 863 fieri
473 799 599 864 debent.
649 799 760 863 vineas
794 799 939 863 novellas
966 799 1076 863 fodere

62 891 120 951 aut
144 909 235 951 arare
260 892 292 950 et
315 891 430 971 postea
452 909 574 972 occare,
600 887 634 950 id
659 892 708 952 est
731 887 946 970 conminuere,
968 909 1009 951 nc
1033 889 1076 952 sit

62 976 189 1077 glaeba
226 975 361 1059 quodt
334 977 561 1057 itaoccidunt,
538 981 698 1041 toccare
717 976 847 1041 dictum.
884 976 932 1040 vit
933 997 967 1039 es
986 999 1076 1059 pam·

23 1064 203 1170 ropinari,
213 1063 269 1128 sed
297 1086 317 1127 a
344 1065 466 1129 sciente
495 1027 588 1149 (nain
615 1065 648 1128 id
677 1087 774 1148 quam
801 1070 918 1148 putare
947 1061 1076 1150 maius),

61 1174 167 1236 neque
194 1153 228 1215 in
252 1153 400 1237 arbusto,
424 1153 516 1217 sed
506 1176 541 1216 m
568 1154 664 1218 vinea
688 1155 768 1218 fieri.
812 1154 1003 1256 pampinare
1028 1159 1107 1217 est2

63 1264 81 1306 e
104 1247 269 1305 sarmento
293 1241 381 1305 coles
404 1243 459 1325 qui
482 1244 552 1306 nati
575 1241 797 1324 sunt,de''11s
822 1245 878 1325 qui
900 1243 1076 1324 plurimum

62 1331 188 1410 valent,
221 1329 363 1413 primum
392 1353 429 1394 ac
457 1331 648 1413 secundum,
679 1352 747 1394 non
774 1353 950 1415 numquam
979 1333 1076 1395 etiam

62 1419 205 1502 tertium,
229 1418 420 1503 relinquere,
443 1421 584 1503 reliquos
609 1420 794 1502 decerpere,
817 1442 857 1483 ne
880 1419 1001 1500 relictis
1025 1442 1078 1484 co-

24 1527 49 1568 rr
62 1507 149 1570 libus
176 1512 374 1571 sarmentum
401 1513 543 1591 nequeat
570 1507 757 1571 ministrare
781 1530 902 1573 sucum.
948 1508 1019 1572 ideo
1044 1509 1079 1571 in

62 1596 195 1661 vitiario
219 1596 371 1679 primitus
395 1618 467 1660 cum
492 1597 559 1660 exit
581 1596 664 1674 vitis,
687 1600 759 1660 tota
776 1597 907 1661 resicari
926 1597 1018 1679 solet,
1041 1600 1078 1660 nt

62 1685 206 1748 firmiore
235 1687 400 1748 sarmento
430 1706 446 1748 e
474 1690 561 1748 terra
594 1691 687 1749 exeat
718 1689 814 1768 atque
847 1687 881 1749 in
912 1685 1077 1768 pariendis

62 1771 190 1838 colibus
218 1774 302 1837 vires
330 1773 451 1838 habeat
478 1773 626 1838 maiores.
678 1772 860 1838 eiuncidum
893 1775 979 1837 enim
1012 1780 1107 1838 sar-3

62 1865 210 1925 mentum
233 1864 367 1945 propter
389 1862 614 1926 infirmitatem
638 1862 749 1926 sterile
772 1883 875 1944 neque
898 1884 938 1924 ex
961 1884 996 1925 ee
1021 1884 1077 1945 po-

25 1954 132 2014 retest
159 1950 261 2013 eicere
289 1951 404 2033 vitem,
437 1973 533 2034 quam
566 1957 684 2014 vocant
715 1951 873 2014 minorem
904 1951 1078 2034 flagellum,

63 2039 223 2102 maiorem
246 2041 279 2102 et
301 2038 368 2102 iam
392 2041 476 2102 unde
500 2061 580 2103 uvae
604 2043 783 2103 nascuntur
805 2039 957 2122 palmam.
989 2040 1078 2121 prior

62 2128 176 2191 littera
204 2149 268 2190 una
295 2131 423 2204 mutata
451 2128 613 2191 declinata
642 2149 661 2190 a
688 2128 779 2192 venti
806 2127 899 2210 flatu,
927 2127 1077 2191 similiter

62 2237 102 2280 ac
132 2215 297 2279 flabellum
324 2215 498 2300 flagellum.
547 2216 722 2299 posterior,
750 2216 836 2300 quod
865 2237 904 2279 ea
926 2217 1003 2280 vitis
1026 2216 1076 2279 in-

62 2305 208 2368 mittitur
239 2304 279 2368 ad
311 2326 392 2368 uvas
425 2304 615 2387 pariendas,
650 2305 736 2369 dicta
768 2306 872 2388 primo
902 2305 1030 2369 videtur
1058 2327 1077 2369 a

21 2393 221 2476 reperiendo
244 2393 413 2475 parilema:
437 2393 512 2456 exin
533 2394 667 2457 mutatis
693 2394 820 2477 litteris,
843 2399 880 2457 ut
903 2393 937 2456 in
956 2394 1108 2477 multis,4

63 2481 130 2546 dici
153 2484 269 2564 coepta
291 2482 411 2563 palma.
458 2504 496 2546 ex
525 2482 628 2545 altera
656 2487 750 2565 parte
773 2482 860 2565 parit
882 2483 1076 2564 capreolum.

60 2571 93 2634 is
117 2575 168 2633 est
191 2570 346 2634 coliculus
370 2570 475 2633 viteus
499 2571 651 2648 intortus,
674 2575 711 2633 ut
732 2570 909 2635 cincinnus.
944 2569 978 2632 hi
1002 2574 1077 2632 sunt

61 2657 151 2722 enim
179 2657 256 2722 vitis
285 2656 401 2740 quibus
427 2660 537 2722 teneat
564 2659 596 2722 id
621 2681 683 2742 quo
708 2659 809 2741 serpit
832 2659 873 2722 ad
896 2659 1002 2722 locum
1026 2680 1076 2722 ca·

59 2747 229 2830 piendum,
252 2771 272 2811 c
294 2768 357 2830 quo
381 2747 539 2829 capiendo
563 2748 730 2830 capreolus
755 2747 868 2811 dictus.
907 2768 1003 2810 omne
1022 2769 1076 2829 pa·

12 2859 45 2900 co
61 2835 189 2919 bulum,
212 2835 352 2918 primum
377 2835 506 2898 ocinum
528 2836 728 2920 farraginem
751 2837 877 2917 viciam,
902 2835 1077 2900 novissime

154 2973 259 3027 tfolia
278 2975 391 3027 mittere
481 2971 642 3042 inciperunt
731 2976 796 3028 8et
814 2975 913 3042 postea
932 2989 1030 3028 occare
1048 2975 1079 3027 et

55 3046 164 3116 postea
181 3044 370 3099 comminuere
444 3049 476 3096 13
496 3043 594 3097 ualent
612 3046 783 3098 enecandum
802 3047 910 3112 (ualent
928 3045 964 3099 ad
981 3061 1078 3098 secun-

56 3117 132 3171 dum
156 3114 194 3184 V)
238 3121 272 3168 23
291 3116 378 3184 quod]
399 3132 454 3183 quo
501 3121 535 3169 27
555 3113 586 3167 hi
604 3119 671 3169 sunt
688 3115 774 3184 enim]
794 3115 818 3168 is
838 3117 913 3170 euim
954 3120 988 3168 28
1008 3116 1076 3186 quo]
1175 3181 1177 3186 Ι

56 3202 122 3257 qua
193 3192 228 3240 29
248 3202 266 3238 a
283 3203 333 3241 om.
407 3192 441 3240 30
460 3185 581 3256 primum
596 3187 717 3240 ocimum

153 3327 259 3382 3folia
276 3328 360 3382 amitt
348 3331 407 3382 tere
430 3328 570 3383 Victorius
650 3333 667 3382 8
694 3329 723 3382 et
745 3330 845 3397 postea
869 3343 969 3382 occare
986 3325 1022 3378 'ut
1037 3329 1086 3377 est

54 3399 243 3458 conminuere
261 3400 374 3454 Nonius
387 3418 416 3469 p.
433 3404 469 3455 61
549 3404 583 3454 13
599 3398 732 3486 primum
748 3417 785 3455 uc
804 3398 971 3453 secuntum
982 3393 1108 3446 Noctua

43 3473 143 3542 1293
208 3476 243 3523 23
260 3471 336 3538 quod
355 3488 391 3527 ea
409 3472 479 3529 vitis
499 3472 699 3531 summittitur
721 3472 870 3530 Gesnerus
