2386 3742
135 111 199 174 152
543 110 730 166 VARRONIS

135 255 292 320 secundus
315 258 478 320 trasactus
504 258 553 321 est
576 258 682 338 actus,
709 278 769 321 neo
796 256 835 320 de
861 256 1003 321 cochleis
1032 278 1069 322 ac
1092 257 1142 343 gli-

133 344 222 408 ribus
247 365 376 428 quaero,
400 345 485 428 quod
508 345 643 409 relicum
667 350 729 409 est:
758 366 862 428 neque
886 346 974 409 enim
993 367 1142 432 magnum

132 433 359 497 molimentum
383 453 452 497 esse
474 437 593 516 potest.
633 431 709 498 Non
731 433 816 498 istuc
839 437 907 498 tam
931 434 1070 518 simplex
1093 437 1143 518 est,

133 521 242 604 inquit
269 520 410 606 Appius,
439 543 536 605 quam
565 524 601 585 tu
630 526 741 606 putas,
772 544 791 587 o
814 521 880 586 Axi
908 525 1031 587 noster.
1075 545 1144 588 nam

134 613 166 672 et
188 608 322 673 idoneus
347 609 406 674 sub
431 610 484 675 dio
509 611 682 674 sumendus
705 612 795 675 locus
819 610 1025 689 cochleariis,
1056 630 1170 696 quemi

134 699 253 762 circum
277 700 382 762 totum
406 720 490 783 aqua
514 699 657 783 claudas,
684 721 740 782 ne,
764 722 844 784 quas
867 699 914 764 ibi
936 700 1085 783 posueris
1108 699 1144 765 ad

133 791 273 871 partum,
296 808 361 851 non
384 786 505 851 liberos
529 809 650 867 earum,
674 787 730 851 sed
753 788 841 872 ipsas
861 809 1009 871 quaeras.
1046 788 1144 874 Aqua,

103 877 275 960 2inquam,
297 875 465 956 finiendae,
488 897 529 940 ne
552 876 757 960 fugitivarius
777 876 820 941 sit
837 876 1013 960 parandus.
1043 876 1143 943 Locus

132 965 160 1029 is
185 964 308 1041 melior,
332 985 426 1046 quem
450 968 483 1028 et
504 985 571 1028 non
594 965 705 1048 coquit
727 964 777 1029 sol
802 969 834 1028 et
855 965 963 1049 tangit
985 986 1051 1031 ros.
1093 965 1145 1050 qui

134 1053 162 1117 si
185 1053 343 1118 naturalis
367 1073 433 1117 non
457 1055 515 1134 est,
538 1057 574 1117 ut
597 1052 663 1116 fere
688 1074 754 1118 non
778 1053 911 1118 suntin
935 1053 1046 1136 aprico
1069 1055 1171 1132 loco,o

132 1163 235 1224 neque
259 1140 380 1205 habeas
399 1142 433 1204 in
452 1162 553 1225 opaco
573 1141 630 1206 ubi
647 1142 758 1226 facias,
780 1147 818 1206 ut
836 1145 913 1216 sunt
931 1142 991 1206 sub
1012 1142 1144 1225 rupibus

133 1251 170 1293 ac
193 1229 372 1312 montibus,
401 1251 537 1312 quorum
566 1230 701 1294 adluant
727 1231 852 1295 radices
874 1230 965 1295 lacus
988 1252 1027 1296 ac
1050 1230 1145 1314 fluvii,

132 1340 230 1381 manu
258 1317 362 1382 faeere
391 1320 520 1400 oporiet
546 1319 717 1383 roscidum.
762 1319 818 1403 qui
840 1318 894 1400 fit,
924 1319 953 1383 si
976 1318 1144 1384 adduxeris

131 1406 242 1471 fistula
266 1406 355 1470 etin
379 1427 449 1470 eam
474 1407 672 1472 mammillas
694 1407 880 1492 inposueris
910 1410 1040 1491 tenues,
1068 1427 1145 1493 quae
1187 1402 1189 1425 '

133 1500 280 1560 eructent
303 1517 430 1579 aquam,
453 1495 501 1560 ita
524 1500 561 1559 ut
583 1496 617 1560 in
641 1496 781 1579 aliquem
804 1495 944 1579 lapidem
967 1495 1093 1560 incidat
1111 1513 1174 1560 aas

103 1585 200 1658 3late
224 1585 408 1666 dissipetur.
453 1606 572 1666 parvus
596 1584 638 1649 iis
662 1583 752 1648 cibus
777 1606 857 1668 opus
882 1588 940 1667 est,
970 1587 1004 1648 et
1026 1583 1055 1648 is
1080 1584 1145 1648 sine

133 1674 364 1754 ministratore,
387 1677 420 1736 et
443 1672 537 1751 huno,
562 1673 637 1736 dum
662 1674 771 1757 serpit,
794 1695 861 1738 non
885 1673 991 1738 solum
1015 1673 1050 1737 in
1074 1693 1147 1737 area

132 1762 265 1845 reperit,
302 1761 358 1825 sed
390 1763 502 1843 etiam,
535 1760 563 1825 si
594 1762 682 1826 rivus
715 1783 782 1826 non
814 1761 976 1844 prohibet,
1008 1762 1146 1845 parietes

133 1853 260 1914 stantes
283 1849 414 1913 invenit.
460 1849 596 1934 denique
620 1850 710 1934 ipsae
734 1852 766 1914 ot
788 1851 990 1914 ruminantes
1015 1850 1055 1914 ad
1076 1872 1147 1935 pro·

132 1939 243 2021 polam
266 1939 369 2002 vitam
398 1937 452 2002 diu
475 1939 665 2022 producunt,
696 1960 769 2002 cum
792 1939 832 2002 ad
857 1960 928 2002 eam
951 1959 1022 2002 rem
1045 1958 1175 2022 paucas

132 2028 243 2092 laurea
266 2027 345 2092 folia
368 2027 556 2091 interioiant
575 2031 607 2090 et
627 2030 802 2112 aspergant
820 2026 962 2091 furfures
981 2048 1048 2091 non
1066 2028 1145 2091 mul·

132 2120 194 2181 tos.
239 2117 348 2200 itaque
377 2137 472 2180 cocus
495 2115 555 2180 has
580 2116 671 2180 vivas
695 2138 737 2180 an
760 2118 906 2180 mortuas
930 2118 1056 2199 coquat,
1084 2116 1146 2199 ple

101 2219 270 2288 4rumque
301 2204 413 2269 nescit.
475 2225 594 2288 genera
625 2203 828 2268 cochlearum
861 2207 936 2267 sunt
967 2203 1077 2288 plura,
1112 2206 1146 2268 ut

132 2295 277 2356 minutae
301 2292 439 2373 albulae,
463 2314 545 2376 quae
569 2292 758 2357 adferuntur
780 2313 797 2356 e
820 2291 971 2374 Reatino,
995 2295 1029 2356 et
1046 2292 1146 2357 maxi·

85 2381 87 2386 ’
132 2402 213 2465 mae,
237 2403 319 2464 quae
343 2381 381 2445 de
404 2379 539 2463 Illyrico
559 2381 781 2465 adportentur,
805 2385 838 2444 et
855 2380 1042 2459 medioeres,
1067 2398 1179 2465 quaeso

132 2491 171 2534 ex
196 2469 307 2534 Africa
331 2470 532 2554 adferuntur,
568 2492 635 2534 non·
657 2492 721 2554 quo
744 2491 810 2534 non
832 2469 867 2532 in
889 2468 941 2532 his
958 2470 1146 2553 regionibus

132 2559 325 2644 quibusdam
362 2558 443 2624 locis
481 2580 518 2622 ac
550 2558 829 2642 magnitudinibus
862 2557 929 2621 sint
961 2556 1146 2642 disperiles:

131 2670 209 2712 nam
244 2652 276 2711 et
306 2648 400 2711 valde
434 2647 560 2730 amplae
593 2651 669 2711 sunt
702 2647 924 2731 [quamquam]
960 2667 1000 2709 ex
1027 2645 1147 2730 Africa,

133 2759 214 2820 quae
242 2740 400 2800 vocantur
429 2736 626 2818 solitannae,
660 2736 708 2799 ita
735 2739 771 2799 ut
798 2736 833 2799 ia
860 2756 915 2798 eas
942 2749 1042 2798 Lxxx
1071 2757 1147 2818 qua-

222 2897 236 2945 1
256 2893 381 2946 traaetus
401 2892 549 2959 (trasactus
567 2893 625 2948 cod.
641 2892 719 2955 Par,
737 2892 896 2946 transactus
915 2890 1070 2945 recentiora
1084 2907 1147 2961 apo

131 2965 250 3035 proptu)
322 2969 338 3017 3
358 2963 579 3018 emolumentum
650 2969 666 3017 6
686 2961 806 3031 glaudas
825 2960 952 3031 (claudas
975 2959 1008 3028 V,
1027 2961 1148 3030 glaudas

127 3037 254 3106 plurimo
280 3035 456 3104 apoyropbo)
530 3040 563 3088 19
587 3032 666 3115 ipsae
692 3033 918 3103 exgruminantes
944 3030 980 3086 ad
999 3034 1149 3103 propalam

133 3113 167 3161 20
185 3107 343 3176 perducunt
379 3111 411 3159 21
431 3104 544 3159 laureae
563 3105 649 3160 sobac
668 3103 793 3174 (laureae
811 3102 881 3157 folia
901 3103 973 3171 Pol.)
1011 3109 1046 3157 23
1067 3105 1149 3159 coch-

131 3177 240 3231 learum
259 3177 436 3246 (cochearum
454 3177 592 3230 nonnullo
605 3176 776 3246 apographo)
849 3180 883 3228 29
897 3173 1037 3229 solitanne
1055 3175 1099 3230 ita
1117 3177 1150 3229 ut

132 3265 179 3304 eas
200 3248 393 3318 (solitannelta
410 3250 442 3301 ut
460 3247 491 3300 in
509 3262 555 3302 ees
574 3248 710 3302 nonnulla
728 3245 899 3318 apooropbo)

214 3397 233 3446 3
251 3390 452 3448 molimentum
473 3389 629 3445 Potmece‘as
644 3390 761 3458 spicileg.
778 3404 807 3456 p.
822 3391 878 3443 847
950 3391 984 3442 19
998 3388 1149 3458 propolam

106 3459 244 3532 Sealcgrer
320 3470 357 3520 20
374 3463 543 3536 producunt
561 3479 579 3518 o
652 3467 688 3515 ‘tt
702 3460 808 3514 laurea
820 3457 892 3510 tolia
905 3475 922 3510 u
