2386 3742
317 135 447 191 auavu
465 121 703 190 avsricmvu
720 131 787 189 ms.
807 133 833 186 u
852 140 868 188 2
1049 134 1101 219 ,83

83 282 260 364 meratum3
305 302 365 346 nec
396 302 461 345 non
494 282 622 362 emptor
650 281 727 364 pote
761 300 799 342 ex
827 281 943 364 empto*
971 279 1102 344 vendito

82 370 182 434 illum
204 369 370 455 damnare,
399 369 427 434 si
453 390 519 433 non
541 368 664 451 tradet,
697 367 845 452 quamvis
873 389 939 433 non
969 367 1103 433 solverit

82 479 247 543 nummos,
264 463 302 523 nt
319 460 375 523 ille
394 461 576 542 emptorem
595 456 694 521 simili
712 456 843 540 iudicio,
866 457 893 521 si
911 479 979 522 non
997 456 1104 522 reddit

107 547 236 613 retium

53 569 106 696 sp
176 633 224 700 De
257 635 367 700 alteris
400 637 555 718 quattuor
585 634 681 698 rebus
715 634 865 718 deinceps
901 634 1025 719 dicam,
1063 634 1101 698 de
1136 643 1153 700 7

84 724 249 810 pastione,
274 723 395 808 fetura,
422 722 601 805 nutricatu,
629 723 779 788 sanitate.
824 722 966 806 primum
995 723 1101 805 provi-

84 814 227 878 dendum
263 816 300 877 ut
331 815 438 877 totum
470 833 590 876 annum
623 816 709 876 recte
741 814 918 895 pascantur
949 812 1037 876 intus
1070 815 1104 876 et

82 902 183 967 foris:
211 901 341 966 stabula
368 900 484 966 idoneo
512 901 584 964 loco
608 903 645 965 ut
669 899 749 983 sint,
776 920 818 963 ne
841 903 990 982 ventosa,
1019 922 1101 985 quae

84 993 236 1074 spectent
269 989 375 1075 magis
410 989 451 1054 ad
485 989 643 1054 orientem
679 1010 777 1072 quam
811 989 851 1054 ad
886 989 1101 1054 meridianum

40 1099 69 1140 ιο
84 1083 224 1162 tempus.
269 1077 327 1142 ubi
349 1081 445 1160 stent,
467 1077 574 1142 solum
598 1082 727 1161 oportet
750 1098 820 1142 esse
844 1077 1050 1143 eruderatum
1068 1082 1101 1142 et

83 1167 276 1251 proclivum,
298 1172 335 1231 ut
358 1167 461 1232 everri
483 1166 578 1231 facile
600 1167 706 1249 possit
728 1188 766 1231 ac
784 1167 854 1231 fieri
873 1189 999 1251 purum.
1034 1188 1100 1231 non

84 1256 175 1321 enim
203 1257 308 1320 solum
336 1256 403 1336 [ea]
433 1254 522 1339 uligo
553 1255 662 1319 lanam
686 1257 866 1339 corrumpit
889 1256 1012 1338 ovium,
1043 1255 1100 1321 sed

83 1345 188 1409 etiam
216 1345 370 1429 ungulas,
403 1365 441 1409 ac
474 1343 604 1408 scabras
632 1344 702 1407 fieri
729 1344 827 1428 cogit.
873 1367 946 1411 cum
976 1346 1101 1428 aliquot
1134 1351 1155 1408 8

84 1433 155 1498 dies
192 1435 368 1515 steterunt,
405 1432 550 1497 subicere
585 1435 714 1516 oportet
747 1433 891 1518 virgulta
920 1433 1001 1516 alia,
1039 1456 1102 1518 quo

43 1540 73 1582 rs
87 1521 222 1587 mollius
252 1522 458 1605 requiescant
480 1521 691 1605 purioresque
716 1522 798 1587 sint
836 1522 992 1588 libentius
1016 1523 1102 1586 enim

86 1611 137 1675 ita
167 1615 352 1695 pascuntur.
398 1609 581 1675 faciendum
609 1631 737 1693 quoque
765 1613 880 1694 saepta
908 1616 1033 1676 secreta
1061 1612 1103 1675 ab

87 1699 178 1783 aliis,
206 1721 269 1782 quo
293 1699 450 1764 incientes
477 1697 641 1763 secludere
671 1699 792 1784 possis,
820 1701 898 1764 item
929 1721 1011 1784 quae
1035 1721 1103 1764 cor·

86 1808 168 1872 pore
192 1808 300 1873 aegro.
337 1787 416 1852 haec
439 1787 543 1872 magis
568 1787 609 1852 ad
631 1787 793 1852 villaticus
816 1809 933 1874 greges
957 1789 1102 1854 animad-

85 1875 253 1941 vertenda.
299 1880 414 1941 contra
439 1876 515 1940 illae
544 1876 578 1939 in
603 1876 738 1941 saltibus
763 1898 846 1960 quae
869 1881 1047 1962 pascuntur
1070 1883 1103 1942 et
1136 1884 1154 1940 9

45 1983 108 2028 roa
132 1965 228 2028 tectis
252 1965 372 2030 absunt
395 1966 504 2050 longe,
526 1967 660 2048 portant
682 1987 789 2030 secum
812 1969 917 2031 crates
937 1970 993 2030 aut
1010 1967 1102 2047 retia,

87 2053 207 2138 quibus
230 2053 382 2133 cohortes
405 2053 440 2117 in
464 2052 640 2118 solitudine
662 2053 794 2137 faciant,
817 2057 987 2138 ceteraque
1014 2059 1103 2120 uten-

87 2142 172 2206 silia.
209 2142 306 2226 longe
327 2141 414 2206 enim
434 2145 467 2206 et
485 2143 551 2207 late
569 2141 604 2205 in
623 2141 758 2207 dirersis
777 2144 858 2208 loeis
877 2145 968 2227 pasci
987 2144 1102 2227 solent,

86 2234 125 2294 ut
156 2230 261 2294 multa
290 2230 381 2295 milia
409 2231 518 2295 absint
547 2252 643 2314 saepe
674 2230 829 2296 hibernae
857 2235 1026 2318 pastiones
1060 2234 1100 2298 ab

87 2318 232 2384 aestivis.
277 2317 351 2404 Ego
381 2341 456 2385 vero
488 2320 572 2402 scio,
599 2320 745 2403 inquam:
781 2344 859 2386 nam
882 2322 962 2386 mihi
985 2341 1101 2408 greges

43 2426 71 2468 ac
84 2407 121 2471 in
139 2405 262 2489 Apulia
279 2407 507 2491 hibernabant,
527 2408 582 2492 qui
600 2407 635 2472 in
654 2408 802 2473 Reatinis
822 2412 988 2475 montibus
1004 2411 1100 2474 aesti-

83 2495 217 2576 vabant,
241 2517 314 2560 cum
336 2497 424 2562 inter
446 2497 527 2561 haee
550 2496 628 2560 bina
650 2497 731 2581 loca,
755 2502 791 2561 ut
814 2498 926 2583 iugum
955 2498 1153 2563 eontinet10

84 2583 269 2668 sirpiculos,
288 2584 335 2649 sic
354 2585 451 2649 calles
470 2585 619 2668 publicae
639 2585 796 2651 distantes
815 2588 992 2668 pastiones.
1019 2585 1100 2651 Eae-

85 2694 149 2756 que
171 2672 229 2752 ibi,
251 2672 308 2737 ubi
331 2677 508 2758 pascuntur
530 2674 564 2737 in
588 2675 701 2738 eadem
723 2675 868 2760 regione,
890 2679 1000 2740 tamen
1018 2680 1100 2740 tem-

83 2761 221 2844 poribus
254 2761 493 2847 distinguntur,
525 2766 650 2828 aestate
680 2763 765 2847 quod
795 2785 868 2829 cum
895 2764 1001 2849 prima
1028 2765 1100 2830 luce

42 2871 70 2911 ao
84 2852 205 2914 exeunt
236 2854 380 2934 pastum,
412 2854 585 2935 propterea
616 2852 701 2936 quod
732 2856 809 2917 tunc
840 2853 942 2918 herba
973 2854 1100 2919 ruscida

83 2938 312 3023 meridianam,
345 2961 428 3024 quae
460 2944 510 3004 est
542 2940 677 3024 aridior,
709 2941 910 3007 iucunditate
942 2946 1099 3027 praestat.

173 3152 190 3200 2
219 3147 360 3219 quamvis]
390 3165 475 3216 quam
502 3148 562 3203 ouis
655 3153 687 3203 1³
715 3149 830 3219 aliquod
922 3157 955 3206 14
978 3150 1099 3207 uirculta

83 3222 118 3272 17
138 3217 284 3274 inicientes
361 3219 432 3274 item
450 3219 534 3291 quae]
553 3218 623 3274 item
642 3237 696 3289 quo
775 3227 810 3276 20
828 3223 921 3293 grates
1002 3227 1036 3276 29
1056 3221 1098 3275 di-

82 3289 213 3359 stingunt
230 3292 263 3344 ut
280 3291 388 3345 aestate

153 3485 307 3554 2qnanur’s
326 3503 374 3542 mu
451 3495 485 3546 17
505 3489 652 3550 incientes
671 3490 824 3550 Victorius
970 3571 991 3597 q

950 3575 971 3622 Q
982 3595 986 3602 .
