2386 3742
133 129 197 194 132
550 126 736 184 VARRONIS

130 275 228 339 rietes
252 273 447 338 intrinsecus
471 272 592 337 multos
612 295 683 338 esse
703 273 807 356 palos,
829 273 886 338 ubi
905 295 983 339 aves
1004 273 1139 338 adsidere

130 364 271 448 possint,
298 364 467 447 praeterea
497 363 542 443 [e]
571 361 703 446 perticis
734 362 897 427 mudnatis
922 383 961 425 ex
986 362 1086 428 humo
1106 359 1139 425 ad

131 452 288 537 parietem
317 454 349 514 ct
375 450 410 514 in
438 450 484 513 eis
512 450 667 515 traversis
695 450 857 535 gradatim
885 450 1023 516 modicis
1054 452 1139 515 inter

131 540 226 605 vallis
254 539 386 624 perticis
415 538 548 604 adnexis
579 539 619 603 ad
643 539 783 623 speciem
807 539 1029 605 cancellorum
1051 538 1139 604 sceui-

132 650 244 694 corum
277 649 314 692 ac
346 627 476 692 theatri.
522 627 672 692 deorsum
704 628 738 692 in
771 630 892 692 terram
923 649 996 693 esse
1025 641 1187 713 squama,

133 740 230 801 quam
249 716 361 781 bibere
380 716 515 799 possint,
534 716 656 781 cibatui
676 716 757 781 offas
775 715 907 800 positas.
936 738 994 781 eae
1013 717 1141 783 manne

134 807 356 891 glomerantur
384 827 423 868 ex
452 804 522 869 ficis
551 809 583 869 et
609 803 697 869 farre
724 805 835 871 mixto.
888 804 1004 870 diebus
1034 804 1142 891 viginti

134 899 307 980 antequam
330 893 445 958 tollere
468 893 539 958 vult
561 893 683 975 turdos,
708 894 830 978 largius
850 893 907 958 dat
925 894 1044 974 cibum,
1067 892 1141 978 quod

132 985 205 1068 plus
238 983 332 1068 ponit
364 986 397 1046 et
427 981 513 1046 farre
542 982 713 1048 subtiliore
740 982 856 1066 incipit
884 983 979 1048 alere.
1026 984 1060 1048 in
1088 982 1142 1046 hoc

132 1077 218 1137 teoto
242 1093 369 1153 caveas,
393 1093 475 1154 quae
497 1070 645 1136 tabulata
668 1072 812 1135 habeant
840 1071 964 1155 aliquot
994 1072 1035 1136 ad
1056 1070 1187 1156 perti-1⁸2

103 1167 243 1225 boarum
278 1160 546 1242 supplementum.
592 1163 704 1224 contra
733 1160 811 1246 hoc,
827 1161 987 1224 aviarium
1020 1182 1039 1222 s
1070 1179 1142 1245 quae

134 1251 281 1313 mortuae
309 1248 357 1312 ibi
385 1253 461 1313 sunt
489 1270 579 1333 aves,
606 1253 643 1312 ut
671 1248 800 1314 domino
828 1270 1000 1314 numerum
1030 1248 1142 1329 reddat,

135 1338 218 1402 solet
240 1336 360 1401 ibidem
384 1358 519 1403 servare.
558 1359 631 1402 curn
656 1358 737 1420 opus
761 1341 850 1422 sunt,
879 1359 918 1401 ex
941 1337 1006 1403 hoo
1031 1337 1142 1403 aviario

134 1430 173 1491 ut
191 1429 359 1491 sumantur
378 1425 521 1508 idoneae,
544 1425 757 1491 excludantur
775 1426 810 1490 in
827 1426 1046 1492 minusculum
1066 1427 1143 1491 avia·

135 1516 230 1598 rium,
254 1515 339 1600 quod
363 1517 413 1578 est
436 1514 642 1579 coniunctum
666 1537 737 1580 cum
762 1515 883 1579 maiore
906 1514 1003 1600 ostio,
1030 1514 1166 1579 leminea

135 1604 331 1687 inlustriore,
355 1603 440 1686 quod
463 1604 675 1668 seclusorium
699 1603 875 1688 appellant.
911 1603 958 1668 ibi
982 1625 1057 1668 curn
1080 1623 1143 1667 eun

135 1715 305 1757 numerum
329 1692 430 1756 habet
453 1691 631 1777 exclusum,
660 1715 754 1777 quern
779 1713 905 1757 sumere
927 1692 1013 1777 vult,
1041 1711 1143 1757 ornnes

107 1781 263 1846 ssocoidit.
298 1780 361 1844 hoc
385 1780 456 1844 ideo
480 1781 514 1844 in
538 1782 661 1863 secluso
686 1782 777 1867 clam,
805 1803 845 1844 ne
868 1781 994 1865 reliqui,
1018 1781 1047 1846 si
1069 1780 1144 1845 vide

137 1873 202 1953 ant,
226 1869 447 1952 despondeant
470 1869 613 1933 animum
637 1874 735 1954 atque
754 1871 861 1935 alieno
879 1873 1028 1953 tempore
1046 1867 1144 1935 vendi·

53 2018 55 2023 .
136 1959 217 2024 toris
231 1958 421 2023 moriantur.
448 1979 516 2022 non
531 1961 568 2021 ut
582 1958 723 2023 advenae
736 1959 884 2024 volucres
899 1959 1008 2041 pullos
1022 1958 1171 2039 faciunt*

136 2048 171 2112 in
195 2068 274 2132 agro
298 2047 450 2130 ciconiae,
473 2047 507 2110 in
530 2049 616 2112 tecto
641 2047 843 2132 hirundines,
871 2048 919 2112 sic
943 2051 1001 2112 aut
1022 2047 1076 2112 hic
1098 2046 1145 2111 aut

137 2136 205 2201 illic
224 2136 319 2219 turdi,
339 2136 395 2219 qui
414 2157 487 2200 curn
507 2136 572 2200 siut
590 2136 720 2200 nomine
740 2159 854 2219 mares,
873 2157 908 2200 re
923 2157 1003 2201 vera
1016 2135 1144 2200 feminee

138 2247 265 2308 quoquc
290 2227 374 2287 sunt.
420 2245 524 2308 neque
547 2225 580 2289 id
602 2237 668 2290 non
692 2229 837 2289 secutum
859 2228 897 2288 ut
920 2229 1009 2291 esset
1030 2225 1067 2289 in
1090 2244 1144 2288 me

109 2313 229 2395 7rulis,
252 2333 334 2395 quae
352 2313 482 2376 nomine
501 2312 656 2390 feminino
675 2335 780 2379 mares
800 2335 926 2398 quoque
946 2321 1033 2378 sunt.
1065 2332 1145 2398 prae

138 2405 228 2466 terea
251 2402 396 2465 volucres
418 2423 492 2466 oum
510 2402 632 2485 partim
652 2401 793 2466 advenae
813 2403 886 2483 sint,
908 2405 946 2467 ut
963 2402 1173 2467 hirundines!

140 2494 173 2556 et
195 2504 301 2576 grues,
323 2489 442 2575 partim
465 2491 665 2574 vernaculae,
694 2494 732 2555 ut
754 2491 894 2575 gallinae
917 2512 955 2555 ac
979 2492 1148 2572 columbae,

139 2581 178 2644 de
206 2581 264 2646 illo
293 2600 409 2664 genere
438 2584 514 2643 sunt
540 2580 628 2644 turdi
657 2580 838 2644 adventicio
862 2601 900 2644 ac
923 2579 1150 2663 quotannisiu

139 2667 270 2732 Italiam
306 2674 397 2732 trans
435 2690 525 2732 mare
562 2668 717 2733 advolant
754 2668 883 2733 circiter
915 2669 1150 2753 aequinoctium

141 2757 328 2821 autumnale
348 2760 381 2820 et
400 2756 512 2822 eodem
530 2757 679 2821 revolant
698 2757 738 2821 ad
758 2757 999 2841 aequinoctium
1014 2778 1149 2834 vernon

231 2954 264 3002 10
284 2947 372 3002 cauiis
397 2966 469 3018 quae
494 2948 581 3004 cautis
600 2949 729 3004 tabulata
748 2949 874 3004 habeant
890 2949 1006 3019 aliquod
1027 2949 1153 3021 adportat

141 3020 368 3089 supplementum
383 3023 482 3074 contra
495 3019 542 3074 hic
579 3025 613 3074 13
629 3021 734 3075 seruari
771 3019 883 3092 22sint]
900 3022 966 3076 sunt
1002 3027 1153 3090 24quoque

143 3091 200 3146 sint
214 3092 363 3160 posteriorc
382 3091 439 3146 loro
511 3096 545 3144 27
565 3092 721 3159 quodannis

232 3274 265 3323 10
284 3268 321 3322 ad
339 3267 511 3337 perticarum
530 3268 756 3338 supplementum
774 3267 954 3324 Schneiderue
1010 3275 1041 3323 11
1063 3270 1156 3324 contra

144 3339 199 3393 hoc
217 3339 355 3394 autarium
374 3341 418 3394 est
436 3337 513 3392 aliud
532 3340 637 3408 minus,
660 3341 690 3395 in
714 3356 769 3409 quo
791 3355 862 3408 quae
880 3340 1008 3394 mortuae
1026 3369 1061 3382 -
1081 3355 1155 3397 curs¹

118 3411 316 3541 θζοῖέείἴυητο
336 3409 411 3469 solet
430 3409 578 3468 Iucundos
618 3415 656 3466 ‘tt
674 3427 740 3466 cum
755 3410 814 3465 sint
828 3427 856 3465 ue
900 3417 935 3466 24
954 3427 1046 3466 mnes
1065 3412 1156 3468 tamen
