2386 3742
301 135 430 191 RERVM
448 133 685 190 RVSTIOARVM
703 135 771 190 LIB.
790 135 816 191 11
835 141 851 190 7
1014 136 1078 202 105

65 280 168 345 Italic
191 281 230 346 ab
252 281 372 363 Apulia
394 280 503 365 Apuli,
527 281 568 344 ab
591 279 698 346 Rosea
720 280 872 353 Roseani.
909 281 982 365 equi
1002 282 1081 346 boni

65 369 170 433 futuri
194 370 296 455 signa,
320 369 348 433 si
371 391 443 434 cum
462 369 650 454 gregalibus
669 370 703 434 in
720 370 840 453 pabulo
860 370 1028 435 contendit
1045 371 1080 435 in

66 457 225 524 currendo
244 459 349 522 aliave
368 479 494 542 quare,
517 479 579 542 quo
599 458 708 541 potior
727 459 782 544 sit3
806 459 844 540 si,
869 481 939 524 cum
960 459 1080 524 flumen

65 547 305 611 travehundum
328 552 380 611 est
402 548 507 632 gregi,
530 548 565 610 in
588 547 702 631 primis
725 548 931 632 progreditur
954 570 991 613 ac
1014 570 1080 613 non
1139 565 1142 569 '

42 639 232 719 srespcctat
255 636 346 700 alios.
391 636 513 720 emptio
543 636 661 720 equina
684 636 801 701 similis
828 636 896 701 fere
920 658 958 701 ac
981 637 1080 703 boum

66 727 101 789 et
120 725 294 806 asinorum,
318 725 403 809 quod
423 724 544 788 eisdem
562 725 659 788 rebus
678 725 712 788 in
731 725 894 809 emptione
914 725 1080 790 dominum

64 818 204 897 mutant,
227 817 264 878 ut
286 814 322 876 in
344 812 459 877 Manili
482 814 663 878 actionibus
688 817 764 877 sunt
786 814 976 898 perscripta.

157 901 321 987 Equinum
344 924 442 985 pecus
465 902 662 986 pascendum
685 903 719 965 in
742 903 845 985 pratis
873 903 1109 987 potissimum?

64 991 177 1069 herba,
208 991 243 1055 in
273 991 411 1055 stabulis
440 1012 477 1055 ac
503 991 715 1074 praesepibus
744 991 834 1055 arido
861 990 971 1076 faen03
1008 1012 1081 1057 cum

22 1099 50 1142 ro
64 1083 273 1164 pepererunt,
295 1080 417 1144 hordeo
442 1079 574 1162 adiecto,
597 1081 648 1144 bis
668 1080 720 1145 die
739 1080 816 1144 data
835 1102 928 1164 aqua.
964 1080 1082 1145 horum

31 1171 34 1176 '
64 1169 194 1232 feturae
222 1169 353 1232 initium
382 1168 588 1233 admissionis
615 1168 722 1233 facere
750 1173 879 1253 oportet
909 1170 950 1233 ab
974 1170 1082 1253 aequi·

64 1257 179 1322 noetio
203 1279 301 1322 verno
326 1257 365 1321 ad
389 1257 577 1337 solstitium,
600 1261 637 1321 ut
658 1261 773 1341 partus
796 1258 912 1323 idoneo
936 1263 1082 1342 tempore

64 1347 141 1411 fiat:
182 1346 370 1411 duodecimo
400 1346 484 1410 enim
509 1367 618 1410 mense
643 1346 693 1410 die
717 1346 841 1411 decimo
867 1347 960 1412 aiunt
982 1347 1081 1411 nasci

66 1455 152 1520 quac
175 1437 252 1518 post
272 1440 401 1518 tempus
424 1439 562 1499 nascunt
563 1457 614 1518 ur,
626 1435 708 1499 fere
736 1435 856 1500 vitiosa
885 1435 1021 1519 atque
1011 1458 1082 1499 mu-

18 1549 50 1591 rs
65 1525 142 1588 tilia
164 1524 316 1588 existunt.
371 1524 487 1588 admitt
473 1527 542 1588 tere
570 1527 714 1607 oportet,
744 1546 816 1588 cum
845 1527 973 1624 tempus
1005 1524 1111 1588 anni8

65 1613 203 1695 venerit,
236 1613 288 1677 bis
321 1612 381 1695 die,
413 1633 507 1677 manc
535 1616 568 1676 ct
598 1633 740 1696 vespere,
772 1633 830 1695 per
862 1612 1002 1696 origam:
1036 1612 1083 1677 sic

67 1701 254 1784 appellatur
278 1701 418 1785 qui[qui]
444 1701 595 1767 admittit.
632 1717 669 1765 eo
694 1701 779 1765 enim
803 1701 893 1766 adiut
879 1704 978 1785 tante,
1001 1722 1083 1786 equa

67 1790 215 1873 alligata,
234 1790 371 1855 celerius
391 1790 508 1854 adm-itt
479 1793 618 1874 ttuntnr,
640 1812 743 1874 neque
763 1812 836 1874 equ1
827 1789 978 1855 frustra
997 1791 1082 1874 cupi·

67 1879 173 1943 ditate
196 1879 317 1962 inpulsi
341 1900 450 1942 semen
473 1879 602 1943 eiciunt.
646 1879 751 1963 quaed
775 1879 855 1943 satis
879 1879 923 1943 sit
946 1879 1083 1962 admitti,

19 1992 52 2033 so
66 1968 160 2051 ipsae
193 1967 391 2051 significant,
429 1967 515 2051 quod
549 1989 582 2031 se
615 1967 799 2032 defendunt.
856 1967 884 2031 si
915 1967 1083 2031 fastidium

68 2055 207 2120 saliendi
234 2061 297 2138 est,
327 2055 437 2120 scillae
464 2055 605 2120 medium
636 2060 807 2120 conterunt
834 2077 906 2119 cum
935 2077 1019 2140 aqua
1043 2055 1083 2119 ad

67 2145 176 2209 mellis
200 2145 459 2209 crassitudinem:
489 2149 559 2209 tum
582 2165 620 2208 ea
643 2166 677 2208 re
700 2149 852 2209 naturam
876 2165 987 2229 equae,
1010 2166 1083 2209 cum

66 2254 197 2298 menses
220 2233 339 2314 ferunt,
368 2237 522 2319 tangunt3
559 2236 673 2298 contra
696 2234 737 2297 ab
760 2234 840 2299 locis
864 2255 965 2317 equae
987 2255 1082 2298 nares

68 2321 146 2406 equi
177 2324 325 2406 tangunt.
376 2322 508 2386 tametsi
538 2321 741 2406 incredibile,
773 2321 859 2406 quod
891 2344 953 2386 usu
985 2322 1111 2405 venit,9

24 2435 53 2476 ss
68 2411 247 2475 memoriae
270 2410 497 2476 mandandum.
530 2432 628 2495 equus
652 2415 790 2480 matrem
814 2411 910 2474 salire
933 2431 1007 2474 cum
1031 2410 1084 2474 ad·

69 2499 145 2564 duci
168 2520 234 2564 non
257 2503 377 2583 posset,
400 2521 473 2564 cum
497 2521 571 2563 cum
594 2501 700 2583 capite
719 2499 874 2564 obvoluto
894 2498 1009 2581 auriga
1028 2498 1082 2561 ad-

69 2588 215 2653 duxisset
241 2592 276 2651 et
303 2589 463 2674 coegisset
490 2592 628 2653 matrem
655 2587 751 2669 inire,
781 2609 852 2651 cum
877 2585 1084 2650 descendenti

70 2677 266 2759 dempsisset
290 2677 331 2740 ab
356 2676 471 2762 oculis,
505 2679 564 2757 [et]
594 2677 649 2740 ille
671 2676 829 2760 impetum
851 2674 929 2738 fecit
951 2674 987 2737 in
1010 2697 1084 2739 eum

161 2891 176 2940 δ
196 2885 303 2940 simulis
323 2884 434 2954 (similis
454 2887 560 2967 apogr.)
606 2892 622 2941 7
641 2885 748 2941 mamili
795 2890 828 2939 10
848 2885 915 2940 data
934 2885 1038 2969 (danda
1052 2885 1083 2953 V,

69 2957 139 3012 data
157 2959 263 3026 apogr.)
336 2955 482 3027 111ᾱ]11
552 2955 670 3012 idoneus
743 2961 776 3010 16
790 2954 922 3026 peroriga
939 2955 1018 3010 misit
1032 2973 1084 3038 ap·

68 3028 192 3098 pellatur
214 3029 306 3083 madi
329 3033 396 3083 acta
421 3028 549 3097 adposita
621 3033 654 3082 19
678 3028 771 3096 quoad
842 3034 878 3082 24
900 3030 959 3082 tam
983 3026 1038 3082 ct'
1029 3028 1085 3082 msi

68 3047 231 3154 incredibili
302 3104 336 3153 25
355 3098 546 3154 mandandum
569 3116 631 3153 cum
654 3115 742 3168 equus
765 3098 886 3152 matrem
912 3098 995 3152 salire
1021 3115 1085 3152 cum

69 3170 174 3225 adduci
195 3187 251 3224 non
274 3171 371 3238 posset
394 3187 458 3224 eum
521 3174 556 3224 28
580 3169 729 3225 demsisset
747 3169 925 3238 (dempsisset
947 3167 979 3235 V,
997 3168 1084 3222 demi-

70 3242 155 3296 sisset
172 3242 333 3310 opoyrapba
351 3242 512 3310 recentiora)
550 3241 585 3296 ab
605 3240 693 3295 oculis
713 3244 742 3295 et
755 3239 804 3295 ille
820 3239 866 3310 (ab
880 3239 967 3295 oculis
981 3238 1030 3294 ille
1046 3239 1084 3309 V)

162 3416 352 3474 'lldaniliio
425 3423 458 3472 12
486 3418 522 3472 ad
548 3416 743 3474 solstitiumc
813 3417 925 3472 'udones
950 3413 1112 3466 11111111.

66 3496 103 3544 24
122 3490 235 3544 tametsi
249 3487 418 3546 incredibile
436 3507 454 3547 o
