2386 3742
141 109 185 174 50
559 106 747 163 VARRONIS

143 252 317 319 seminario
341 251 520 337 transferri,
543 251 630 336 quod
653 252 775 317 dictum
799 254 840 317 ab
866 274 913 338 eo,
936 252 1024 338 quod
1045 253 1157 338 serpit

141 348 246 407 fossas
261 363 363 407 novas
376 341 496 422 fodere,
509 345 633 406 veteres
648 344 784 426 tergere,
797 342 909 406 vineas
921 344 1157 428 arbustumque

141 433 271 514 putare,
300 431 385 494 dum'
402 430 436 493 in
459 448 507 494 xv
535 430 647 495 diebus
676 433 753 494 ante
777 435 809 495 et
831 435 908 514 post
929 432 1092 515 brumam,
1122 434 1157 494 ut

50 535 53 541 '
140 519 303 603 pleraque,
326 541 367 583 ne
385 518 495 584 facias.
525 540 584 583 nec
603 541 670 584 non
689 522 759 582 tum
779 519 901 602 aliquid
920 524 1008 584 recte
1028 520 1155 602 seritur,

141 611 178 671 ut
201 608 291 672 ulmi.
1175 628 1185 670 s

67 710 184 766 XXXVI
230 695 354 765 Octavo
373 696 543 760 intervallo
562 696 650 759 inter
668 695 818 761 brumam
836 699 869 771 et
887 696 1057 762 favonium
1074 696 1155 762 haec

139 785 209 849 fieri
237 789 376 869 oportet.
422 784 460 847 de
489 784 667 868 segetibus,
697 784 791 868 siqua
820 788 869 849 est
897 807 995 869 aqua,
1028 784 1155 869 deduci3

140 875 192 938 sin
211 874 371 938 siccitates
392 877 467 938 sunt
487 877 519 937 et
537 875 624 937 terra
641 873 891 937 teneritudinem
914 874 1023 952 habet,
1043 875 1154 939 sarira

139 963 249 1026 vineas
278 962 476 1044 arbustaque
504 965 627 1044 putare.
678 984 749 1026 cum
781 962 815 1026 in
850 963 939 1047 agris
972 984 1055 1046 opus
1084 962 1154 1027 fieri

137 1073 206 1116 non
228 1054 350 1134 potest,
381 1072 464 1133 quae
493 1050 552 1114 sub
583 1052 667 1114 tecto
691 1054 830 1133 possunt
852 1053 931 1116 tunc
954 1051 1154 1117 conficienda
1165 1072 1184 1112 a

141 1140 333 1203 antelucano
351 1143 498 1221 ternpore
517 1139 663 1203 hiberno.
701 1161 783 1222 quae
802 1140 869 1203 dixi
888 1140 1009 1223 scripta
1027 1144 1062 1204 et
1082 1162 1153 1225 pro

139 1229 249 1311 posita
263 1228 382 1292 habere
402 1227 437 1291 in
457 1226 536 1291 villa
556 1231 695 1311 oportet,
714 1229 854 1292 maxime
872 1233 910 1293 ut
930 1228 1043 1293 vilicus
1058 1230 1152 1294 norit

51 1331 184 1386 XXXVII
228 1315 306 1380 Dies
344 1316 474 1380 lunares
513 1337 641 1399 quoque
679 1317 888 1400 obseruandi,
926 1319 980 1401 qui
1014 1319 1152 1402 quodam

139 1410 233 1469 modo
258 1404 419 1489 bipertiti,
448 1405 534 1489 quod
562 1427 581 1468 a
610 1426 695 1469 nova
718 1407 796 1469 luna
819 1408 935 1471 crescit
958 1406 996 1470 ad
1021 1407 1151 1490 plenam

138 1497 171 1558 et
189 1494 262 1557 inde
281 1515 393 1558 rursus
416 1493 456 1556 ad
470 1514 587 1558 novam
603 1494 714 1558 lunam
733 1495 898 1579 decrescit,
918 1495 1025 1579 quaad
1045 1495 1151 1560 veniat
1160 1500 1188 1554 1⁵!

139 1582 179 1647 ad
202 1582 503 1665 intermenstruum,
535 1583 580 1662 [e]
606 1605 670 1666 quo
694 1582 744 1646 die
768 1583 885 1648 dicitur
908 1585 985 1648 luna
1008 1605 1081 1649 esse
1105 1606 1150 1648 ex·

138 1677 244 1736 trema
268 1675 300 1735 et
322 1672 443 1754 prima:
481 1693 587 1754 aquo
612 1693 685 1735 eum
710 1670 795 1735 diem
818 1671 959 1737 Athenis
985 1673 1149 1757 appellant

140 1760 220 1842 ἕνην
248 1757 303 1823 καὶ
331 1756 430 1842 νέαν,
458 1757 622 1844 τριακάδα
651 1759 715 1824 alii.
761 1761 918 1844 quaedam
946 1761 1148 1828 faciendain

139 1849 227 1934 agris
251 1848 360 1933 potius
380 1853 542 1913 crescente
561 1849 640 1912 luna
659 1871 756 1932 quam
775 1853 969 1934 senescente,
993 1851 1146 1933 quaedam

139 1942 251 2002 contra
285 1958 366 2022 quaa
396 1941 511 2021 metas,
544 1941 582 2001 ut
613 1937 776 2002 frumenta
808 1943 840 2003 et
872 1939 1009 2004 caeduae
1044 1940 1174 2004 silvosa

109 2026 211 2112 2Ego
243 2027 360 2108 istaec,
391 2027 496 2110 inquit
528 2025 701 2111 Agrasius,
732 2048 799 2091 non
832 2029 937 2092 solum
969 2028 1004 2091 in
1037 2028 1146 2093 ovibus

138 2116 318 2198 tondendis,
342 2115 397 2178 sed
421 2115 455 2178 in
473 2136 546 2179 meo
567 2115 684 2198 capillo
705 2138 724 2178 a
741 2119 836 2199 patre
855 2120 1024 2200 acceptum
1049 2138 1148 2198 servo,

137 2226 178 2267 ne
212 2204 445 2284 [de]crescente
479 2203 559 2266 luna
587 2204 725 2268 tondens
759 2205 866 2269 calvos
889 2205 975 2271 fiam.
1020 2204 1147 2291 Agrius,

138 2291 240 2367 Quem
264 2291 304 2355 ad
328 2293 468 2374 modum,
491 2291 611 2375 inquit,
628 2291 705 2356 luna
729 2292 986 2378 quadripertita?
1017 2296 1052 2358 et
1076 2292 1147 2377 quid

107 2391 175 2447 3ea
208 2380 323 2445 divisio
360 2381 400 2444 ad
433 2401 529 2464 agros
561 2380 684 2464 pollet?
740 2381 933 2466 Tremelius,
964 2381 1176 2468 Numquamne

136 2492 210 2534 rure
230 2469 358 2554 audisti,
377 2468 492 2554 inquit,
512 2473 626 2535 octavo
646 2468 760 2533 Ianam
781 2470 892 2535 lunam
907 2475 940 2535 et
954 2477 1149 2537 crescentem

135 2564 168 2623 et
201 2564 315 2624 contra
348 2560 582 2637 senescentem,
615 2561 648 2621 et
675 2580 756 2641 quae
785 2562 947 2624 crescente
975 2561 1054 2624 luna
1080 2559 1149 2624 fieri

136 2652 309 2731 oporteret,
326 2650 384 2728 [et]
401 2653 511 2712 tamen
526 2647 684 2730 quaedam
699 2647 815 2712 melius
831 2649 899 2712 fieri
913 2653 988 2731 post
998 2652 1149 2714 octavum

134 2735 249 2801 Ianam
278 2737 391 2800 lunam
419 2758 516 2819 quarn
544 2735 643 2800 ante?
681 2740 713 2799 et
736 2736 846 2819 siquae
870 2741 1058 2803 senescente
1081 2738 1149 2802 fieri

226 2970 257 3020 15
277 2950 353 3034 qnod
372 2965 506 3019 adueniat
522 2964 625 3034 (quoad
643 2964 742 3018 ueniat
764 2965 804 3033 V)
842 2969 875 3018 17
895 2964 1043 3033 appellant
1061 2981 1148 3020 censu

135 3052 259 3092 caenean
277 3036 407 3090 triacada
515 3042 549 3090 23
572 3033 603 3088 ni
630 3035 801 3090 decrescenti
820 3035 859 3104 (ni
878 3036 1058 3090 decrescente
1076 3037 1148 3105 Pol.)

85 3117 91 3123 ‘
133 3108 233 3234 ppppllqs
246 3113 352 3233 magle
370 3107 469 3176 inquid
550 3113 584 3160 26
602 3107 712 3177 lanam]
732 3107 827 3161 lanam
909 3107 1027 3177 capeat
1046 3110 1148 3164 octauo

214 3397 252 3444 16
271 3408 287 3446 θ
306 3393 408 3450 delevit
430 3389 547 3446 Ursinus
611 3395 643 3445 Γ(
664 3390 810 3460 appellant
825 3385 894 3459 ἕνην
914 3389 962 3444 καὶ
981 3387 1052 3446 νέαν
1072 3411 1146 3462 τρια-

105 3454 203 3522 na‘dor
221 3463 278 3518 alii
296 3481 314 3520 o
392 3471 428 3522 26
447 3463 552 3522 Ianam
568 3463 673 3520 lunam
688 3468 805 3533 utroque
817 3462 911 3516 locon
