2386 3742
266 129 398 185 RERVM
416 121 655 186 RVSTIOARVM
672 131 739 187 LIB.
758 131 797 186 III
815 139 832 187 2
998 131 1061 196 127

44 297 98 340 me
122 275 258 340 absente
280 278 421 360 patrono
444 275 589 359 hospitio
613 277 802 361 accipiebat,
823 277 858 341 in
877 298 978 342 annos
999 278 1064 343 sin-

43 365 141 450 gulos
169 364 242 448 plus
270 365 498 449 quinquagena
527 365 620 429 milia
647 366 766 430 evilla
788 388 904 450 capere
928 366 1064 432 dicebat.

43 453 131 518 Axio
150 452 335 538 admiranti,
358 452 455 519 Oerte
472 454 569 536 nosti,
591 455 735 538 inquam,
757 458 952 520 materterae
974 476 1063 520 meae

42 541 192 627 fundum,
223 542 258 607 in
288 539 415 607 Sabinis
449 542 504 626 qui
536 545 587 607 est
618 543 659 607 ad
692 546 844 626 quartum
874 545 1063 610 vicesimum

41 631 186 715 lapidem
219 631 273 696 vie
302 628 429 695 Salaria
461 654 480 695 e
507 630 620 697 Romo.
667 631 808 707 Quidni?
853 633 973 717 inquit,
1005 633 1115 702 ubire

41 723 171 785 aestate
193 719 278 784 diem
301 719 435 784 meridie
459 719 602 786 dividere
630 721 766 805 soleam,
795 742 868 785 cum
898 743 936 786 eo
959 721 1062 786 Reate

42 830 83 873 ex
114 808 196 873 urbe
228 811 294 890 ant,
326 829 400 873 cum
432 808 507 873 inde
539 808 633 873 venio
664 808 781 893 hieme,
812 814 910 876 noctu
942 831 1063 895 ponere

42 900 162 965 castro.
207 896 315 980 Atque
341 898 377 961 in
404 897 466 961 hae
492 898 571 962 villa
599 897 655 982 qui
682 901 733 962 est
762 899 929 982 ornithon,
956 921 997 964 ex
1023 920 1061 964 eo

41 1008 109 1051 uno
148 986 290 1071 quinque
328 986 420 1050 milia
457 986 524 1051 scio
557 987 685 1051 venisse
716 987 887 1052 turdorum
920 987 1061 1052 denariis

41 1075 157 1160 ternis,
180 1079 217 1140 ut
241 1075 413 1159 sexaginte
435 1074 526 1139 milia
549 1096 588 1139 ea
611 1097 687 1160 pers
710 1076 887 1141 reddiderit
909 1098 947 1141 eo
975 1098 1061 1141 anno
1107 1118 1113 1129 ·

39 1164 150 1247 villae,
170 1164 221 1228 bie
235 1167 363 1228 tentum
378 1185 475 1247 quam
489 1167 565 1228 tuus
584 1163 702 1229 fundus
721 1164 895 1230 ducentum
912 1166 1062 1251 iugerum

40 1251 145 1318 Recte
172 1253 288 1318 reddit.
333 1251 439 1329 Quid?
477 1253 662 1337 sexaginta,
689 1253 796 1338 inquit
822 1254 939 1339 Axius,
971 1276 1062 1320 sexa·

41 1342 143 1426 glute,
162 1340 354 1426 sexaginte?
384 1340 518 1406 derides.
556 1339 742 1426 Sexaginta,
764 1344 906 1426 inquam.
944 1344 1000 1408 sed
1020 1342 1060 1408 ad
1073 1351 1113 1409 16

39 1429 129 1496 hunc
152 1431 263 1495 bolum
286 1430 526 1514 otpervenios,
554 1451 635 1513 opus
664 1431 725 1495 erit
751 1432 813 1495 tibi
841 1437 898 1496 aut
927 1432 1060 1515 epulum

41 1523 102 1584 eut
123 1519 308 1602 triumphus
332 1518 477 1603 alieuius,
500 1523 537 1583 nt
559 1522 636 1584 tunc
659 1518 723 1583 fuit
746 1517 907 1603 Scipionis
925 1519 1057 1598 Metelli,

40 1611 100 1673 ent
128 1608 338 1692 collegiorum
367 1629 478 1692 cenae,
510 1629 593 1692 quae
619 1629 705 1672 nunc
733 1607 984 1673 innumerabiles
1009 1630 1060 1673 ex-

40 1696 268 1762 candefaciunt
285 1718 449 1761 annonam
468 1697 605 1781 macelli.
645 1696 777 1780 reliquis
796 1698 889 1761 annis
909 1697 1059 1762 omnibus

40 1789 75 1850 et
97 1785 182 1850 hanc
206 1785 390 1870 expectabis
415 1807 585 1866 summam,
607 1790 636 1849 et
658 1806 768 1868 spero,
790 1808 858 1851 non
880 1787 943 1851 tibi
967 1784 1060 1853 deco·

40 1878 121 1959 quet
147 1876 240 1956 [non]
270 1874 439 1958 ornithon,
476 1895 580 1958 neque
609 1875 672 1938 hoc
696 1875 814 1939 accidit
835 1875 888 1938 his
912 1876 1060 1940 moribus

38 1964 106 2028 nisi
124 1985 198 2029 raro
217 1966 255 2027 ut
273 1962 454 2046 decipieris.
479 1966 596 2046 quotus
616 1963 751 2047 quisque
769 1963 856 2027 enim
876 1967 926 2028 est
944 1984 1059 2046 annus,

39 2074 105 2139 quo
132 2073 200 2117 non
225 2052 336 2116 videos
364 2052 495 2135 epulum
524 2055 581 2116 aut
607 2051 810 2135 triumphum
841 2055 898 2116 eut
921 2052 1060 2136 collegio

38 2163 108 2206 non
135 2140 261 2224 epulari
290 2143 385 2225 [quac
411 2161 497 2205 nunc
526 2140 779 2205 innumerabiles
802 2140 978 2206 incendunt
1001 2163 1060 2205 an·

38 2229 197 2310 nonam]?
236 2226 298 2294 Sed
318 2232 453 2314 propter
470 2229 642 2312 luxuriem,
664 2229 779 2313 inquit,
802 2229 943 2314 quodam
962 2229 1058 2301 modo

39 2319 173 2402 epulum
200 2317 401 2384 cotidianum
429 2321 480 2382 est
505 2319 593 2382 intra
620 2318 735 2383 innuas
763 2318 896 2384 Romae.
941 2317 1058 2384 Nonne
1071 2327 1110 2384 17

38 2409 121 2473 item
147 2407 183 2472 L.
201 2405 379 2489 Abuccius,
409 2407 525 2491 homo,
556 2410 593 2471 ut
620 2407 726 2491 scitis,
759 2408 905 2492 adprime
938 2408 1061 2491 doctus,

39 2498 133 2562 cuius
156 2495 324 2561 Luciliano
347 2496 533 2560 charactere
557 2499 633 2559 sunt
655 2495 768 2580 libelli,
794 2496 924 2560 dicebat
945 2497 979 2560 in
1002 2496 1061 2559 Al-

39 2586 128 2652 bano
152 2585 287 2650 fundum
311 2606 405 2649 suum
428 2584 635 2667 pastionibus
659 2605 787 2667 semper
809 2585 894 2649 vinci
916 2607 935 2648 e
954 2584 1059 2648 ville?

39 2696 157 2761 agrum
185 2675 272 2740 enim
300 2674 408 2739 minus
432 2673 541 2738 decem
564 2673 655 2737 milio
678 2673 821 2756 reddere,
849 2673 962 2738 villam
985 2673 1059 2756 plus

38 2765 163 2831 vicena.
209 2764 295 2827 idem
320 2762 495 2827 secundum
518 2783 616 2846 mare,
640 2783 703 2846 quo
726 2763 798 2828 loco
820 2762 929 2847 vellet,
952 2762 980 2827 si
1003 2784 1060 2846 pe-

45 3030 49 3034 .
132 2991 166 3040 14
183 2988 280 3042 hoium
299 2989 446 3058 peruenias
498 2994 531 3043 16
549 2989 636 3060 nunc]
654 2989 722 3044 tune
770 2995 802 3043 18
822 3005 961 3043 summam
979 3005 1060 3059 spero

39 3058 208 3113 reaccedit
280 3059 434 3129 namquid

132 3278 165 3325 13
184 3271 234 3326 sed
252 3276 285 3327 ut
303 3274 339 3327 ad
357 3273 431 3327 hunc
450 3273 547 3328 bolum
565 3273 714 3343 peruenias
734 3273 881 3328 Iucundos
951 3278 983 3328 18
1004 3289 1060 3327 non

38 3342 94 3398 tibi
113 3344 253 3412 decoquet
267 3343 400 3400 ornithon
416 3344 552 3400 comm
590 3350 623 3400 19
638 3343 743 3398 accidit
763 3343 902 3399 Victorius
938 3349 972 3397 22
988 3361 1059 3411 qnae

38 3414 363 3545 pppcyiprprpppdrebiles
395 3415 552 3472 incendunt
583 3430 731 3473 annonem
755 3415 876 3471 delente.
902 3428 961 3469 esse
985 3413 1078 3475 steei-

93 3502 119 3538 or
171 3501 187 3541 c
267 3503 332 3544 crue
758 3499 760 3502 ⁴
