2386 3742
93 122 133 177 Vl
496 121 704 177 PRAEFATIO

100 267 259 332 Marciani
286 268 406 332 codicis
434 269 587 333 lectiones
616 267 838 350 adnotaverat,
872 271 987 349 postea
1017 269 1113 334 huius

96 378 223 443 quoque
251 358 443 440 scripturas,
477 356 532 421 sed
560 357 666 421 minus
699 361 847 421 accurate
880 362 1046 440 excerptas
1080 364 1113 423 et

97 446 196 510 rubro
216 445 323 510 colore
343 446 383 510 ab
403 445 469 509 illis
489 446 657 510 distinctas
677 445 862 529 adscripsit,
886 449 919 508 et
938 446 1112 530 Victoriae,

96 534 152 618 qui
184 556 257 598 eum
290 557 329 599 ex
357 534 500 599 Medicea
529 535 729 600 bibliotheca
764 556 783 598 a
816 556 849 597 se
884 534 1112 619 depromptum

96 644 167 687 esse
190 623 318 707 scribit,
347 624 475 706 saepius
504 624 572 688 eius
596 625 793 688 mentionem
816 623 894 687 fecit
923 627 956 687 et
979 629 1113 708 propter

96 712 236 776 formam
256 712 441 777 litterarum
465 734 538 776 eum
561 713 758 796 gallicanum
779 713 830 775 vel
849 712 974 795 gallicis
994 713 1111 777 litteris

97 801 256 885 scriptum
284 801 336 866 vel
366 802 589 866 semireterem
620 802 725 866 dicere
754 801 932 865 consuevit.
982 807 1112 884 praeter

95 890 155 953 hos
189 890 290 954 libros
330 891 486 954 collatum
520 890 681 954 habebam
713 891 846 954 bertium
879 889 1111 954 Laurentia-

95 1000 182 1060 num
215 978 275 1062 51,
305 981 321 1042 1
355 980 407 1043 vel
440 977 555 1062 primis
588 979 692 1062 quinti
725 979 841 1042 decimi
868 981 920 1043 vel
957 981 1111 1043 extremis

96 1067 204 1150 quarti
233 1068 348 1131 decimi
372 1067 492 1132 saeculi
520 1069 614 1132 annis
639 1068 809 1151 scriptum,
832 1088 936 1152 quem,
959 1070 997 1131 ut
1021 1090 1040 1130 1
1062 1091 1110 1132 11-

95 1156 194 1240 liquis
214 1157 456 1241 distinguerem,
479 1156 701 1221 Florentinum
725 1157 799 1221 dixi.
833 1157 979 1221 continet
1002 1162 1111 1220 autem

95 1243 229 1310 Catonis
261 1250 293 1310 et
322 1244 481 1309 Varronis
510 1245 622 1311 libros.
673 1247 850 1309 recentiore
880 1267 976 1308 manu
1008 1247 1112 1308 multa

94 1333 128 1396 in
153 1355 190 1397 eo
215 1337 358 1398 correcta
381 1339 470 1416 sunt,
499 1356 636 1419 quorum
663 1356 740 1417 pars
764 1355 803 1397 ex
832 1331 987 1416 Medice0,
1016 1357 1111 1418 quem

96 1422 192 1486 modo
216 1423 290 1506 dixi,
314 1422 507 1506 deprompta
531 1426 589 1487 est.

184 1511 235 1574 Ad
250 1512 508 1596 cognoscendam
523 1518 631 1574 autem
647 1510 841 1593 scripturam
860 1509 979 1574 codicis
999 1511 1111 1574 arche·

95 1599 176 1684 typi,
201 1621 295 1683 quem
315 1602 391 1683 post
410 1599 593 1663 Victorinm
611 1620 707 1663 nemo
726 1599 817 1679 vidit,
841 1620 913 1661 eum
936 1599 1111 1682 plurimum

93 1688 181 1751 hand
206 1689 301 1752 dubie
325 1687 532 1752 tribuendum
555 1689 600 1752 sit
622 1688 782 1770 excerptis
804 1686 973 1771 Politiani,
1001 1690 1110 1772 quiin

95 1777 284 1841 excutiendo
308 1777 417 1842 codiee
441 1778 562 1841 maiore
589 1777 769 1861 diligentia,
794 1798 890 1860 quam
911 1777 989 1842 olim
1010 1777 1108 1860 vulgo

94 1865 166 1928 fieri
189 1866 329 1948 solebat,
356 1888 434 1929 usus
458 1873 521 1950 est,
545 1871 656 1930 tamen
679 1888 716 1930 ea
739 1887 797 1949 per
820 1887 854 1929 se
879 1867 949 1930 sola
973 1866 1013 1929 ad
1038 1888 1109 1929 eam

94 1976 163 2018 rem
190 1977 267 2018 non
286 1955 500 2020 sufficiebant.
554 1977 659 2040 neque
699 1955 784 2019 enim
818 1954 957 2018 dubitari
991 1958 1110 2037 potest,

95 2045 174 2126 quin
197 2044 300 2107 multa
324 2044 365 2107 ab
391 2065 428 2108 eo
449 2046 579 2126 omissa,
604 2044 763 2128 quaedam
781 2065 857 2107 vero
877 2045 975 2105 etiam
994 2066 1109 2126 parum

95 2137 243 2196 accurate
266 2133 409 2197 indicata
433 2134 507 2216 sint,
530 2132 699 2215 inquibus
720 2131 919 2214 apographa,
941 2131 975 2194 in
995 2132 1109 2214 primis

95 2220 262 2285 Parisinus
291 2222 390 2285 codex
418 2225 451 2284 11
475 2220 710 2285 Laurentianus
735 2219 787 2300 51,
805 2218 941 2304 41111
969 2221 1108 2304 reliquo-

94 2331 167 2373 rum
185 2311 292 2374 minor
314 2310 394 2374 fides
419 2310 492 2391 est),
515 2309 634 2374 rectius
657 2268 800 2373 Ί1111111111
824 2309 1018 2392 scripturam
1047 2332 1109 2371 ser-

95 2403 262 2462 vaverunt.
308 2399 371 2463 huc
395 2399 518 2464 accedit
540 2397 765 2463 testimonium
789 2395 937 2476 Victorii,
965 2399 1019 2481 qui
1043 2399 1108 2460 dis-

96 2488 309 2551 sentientibus
334 2510 353 2550 1
376 2476 474 2552 Polit
450 2491 540 2552 trano
565 2485 762 2570 apographis
787 2507 825 2548 ea
848 2507 929 2568 quae
952 2488 986 2549 in
1010 2509 1108 2550 manu

95 2576 225 2659 scriptis
258 2576 350 2639 libris
382 2598 468 2640 nunc
499 2577 653 2661 leguntur
685 2574 813 2657 saepius
846 2574 1040 2638 lectionibus
1070 2598 1108 2639 ex

94 2670 147 2728 vet
149 2687 202 2728 ere
226 2665 334 2728 codice
357 2664 496 2748 receptis
516 2665 695 2729 confirmat.
725 2663 809 2727 his
800 2663 862 2747 1git
864 2685 901 2726 ur
921 2665 1108 2728 auctoribus

95 2752 265 2836 adhibitis,
293 2775 367 2817 cnm
389 2753 486 2816 facile
510 2756 695 2838 appareret,
723 2753 799 2836 quid
823 2753 923 2815 errori
947 2753 999 2817 vel
1023 2753 1107 2816 Poli-

93 2842 176 2906 111111
189 2844 240 2906 vel
255 2843 461 2906 librariorum
477 2842 684 2906 tribuendum
700 2846 794 2924 esset,
813 2841 1003 2924 plerumque
1019 2845 1106 2906 certo

95 2931 249 2996 constitui
272 2935 413 3014 poterat,
444 2931 522 3015 quid
544 2933 578 2995 in
602 2933 780 3013 archetypo
805 2930 960 3012 scriptum
984 2930 1107 2996 fuisset.

94 3020 260 3084 nonnullis
297 3025 407 3083 tamen
440 3021 520 3084 loeis
554 3042 591 3083 ea
625 3019 843 3102 discrepantia
875 3019 949 3082 inde
980 3019 1109 3083 videtur

93 3109 270 3193 repetenda
292 3130 372 3191 esse,
400 3109 499 3194 quod,
528 3131 600 3172 cum
629 3110 736 3192 prima
760 3109 921 3190 scriptura
944 3107 977 3170 in
1001 3112 1108 3171 vetere

95 3197 203 3263 codice
232 3202 375 3261 correcta
399 3201 497 3275 11111,
530 3198 586 3262 1111
611 3198 753 3280 priorem
782 3196 975 3278 scripturam
1006 3198 1108 3260 secuti

95 3291 195 3368 erant,
173 3287 274 3350 talii
297 3288 518 3440 posteriorem
563 3286 705 3370 itaque
696 3309 730 3349 1n
753 3285 925 3349 indicanda
949 3285 1109 3368 scriptura

69 3337 261 3463 archelffl
284 3376 350 3440 hac
376 3399 414 3440 ra
417 3376 506 3441 tione
529 3397 607 3440 usus
632 3397 719 3460 sum,
745 3378 887 3458 atquae
912 3375 1107 3457 comparatis

53 3452 154 3516 inter
174 3480 213 3520 se
241 3463 453 3533 Jectionibus
484 3425 762 3556 apographordm
787 3467 823 3527 et
844 3464 1004 3544 excerptis
1021 3463 1110 3524 eali
