2386 3742
284 120 413 176 RERVM
432 113 669 176 RVSTICARVM
687 120 754 176 LlB.
773 121 801 174 ΙΙ
821 127 888 175 1-2
1051 121 1092 185 81

77 266 283 351 aliquotiens
312 265 438 330 dicatur
465 265 588 330 Romae
616 265 779 351 peperisse
802 267 899 332 mula.
949 264 1009 332 Oui
1033 287 1094 351 ego

76 360 117 420 ut
148 355 360 437 succinerem,
389 354 511 419 subicio
535 354 709 439 Magonem
739 360 772 419 et
794 354 988 439 Dionysium
1016 356 1094 419 seri-

77 446 169 528 bere,
187 445 277 507 mula
296 448 328 508 et
346 464 428 526 equa
447 464 519 507 cum
539 444 755 526 conceperint,
775 444 964 509 duodecimo
983 465 1095 508 mense

78 554 207 616 parere.
244 554 342 617 quare
364 553 440 610 non,
463 532 492 595 si
514 531 568 596 hic
591 533 625 595 in
643 531 741 613 Italia
765 555 837 597 eum
860 532 988 615 peperit
1005 533 1095 598 mula

51 623 127 687 rsit
154 624 352 705 portentum,
384 620 539 684 adsentiri
576 641 688 684 omnes
718 624 831 685 terras.
875 643 979 704 neque
1009 622 1094 685 enim

80 709 275 774 hirundines
299 713 334 779 et
354 708 506 792 ciconiae,
529 730 610 793 quaa
633 710 666 772 in
690 708 787 774 Italia
809 709 948 793 pariunt,
971 710 1005 772 in
1028 731 1096 774 om·

80 799 181 862 nibus
213 799 308 862 terris
340 797 480 880 pariunt.
531 819 595 862 non
633 797 722 862 scitis
755 799 915 880 palmulas
947 802 1095 863 careotas

83 887 190 972 syrias
220 908 332 970 parere
362 887 397 950 in
426 885 562 967 Iudaea,
591 887 626 950 iu
654 886 753 950 Italia
783 908 849 951 uon
876 886 994 970 posse?
1033 885 1094 951 Sed
1107 895 1149 953 28

83 974 212 1056 Scrofa,
242 974 276 1040 si
299 975 427 1058 exigere
449 975 554 1038 mavis
577 975 645 1039 sine
668 975 830 1039 mulorum
852 975 960 1039 fetura
983 981 1016 1038 et
1037 997 1097 1039 nu-

38 1065 207 1129 1otricatu
227 1085 397 1127 numerum
421 1062 589 1148 octoginta
612 1068 645 1128 et
667 1086 783 1148 unum,
811 1067 860 1128 est
888 1063 943 1148 qui
967 1065 1096 1148 expleas

82 1152 248 1236 duplicem
266 1153 364 1216 istam
384 1152 541 1234 lacunam,
560 1151 644 1234 quod
664 1152 937 1218 extraordinariae
955 1153 1098 1217 fructum

82 1240 208 1325 species
239 1241 320 1305 duae
344 1240 501 1304 accedunt
523 1261 676 1324 magnae,
706 1263 841 1325 quarum
865 1263 930 1306 una
953 1248 1002 1307 est
1025 1245 1098 1306 ton-

83 1351 176 1413 sura,
216 1329 302 1413 quod
334 1350 410 1393 oves
443 1351 481 1393 ao
513 1350 627 1412 capras
660 1330 840 1394 detondant
871 1334 927 1395 aut
958 1331 1098 1413 vellunt3

83 1419 199 1501 altera,
231 1439 313 1502 quae
343 1417 441 1482 latius
468 1422 576 1500 patet,
608 1417 647 1481 de
680 1418 765 1483 lacte
799 1423 831 1483 et
861 1440 971 1501 caseo,
1002 1441 1098 1502 quam

41 1529 69 1570 1⁵
84 1507 262 1589 scriptores
291 1506 398 1590 graeci
429 1507 604 1589 separatim
631 1509 829 1589 τυροποιίαν
852 1508 1101 1591 appellaverunt

85 1618 124 1661 ac
149 1596 349 1679 scripserunt
372 1595 411 1658 de
435 1616 474 1659 ea
496 1616 531 1658 re
554 1596 726 1677 permulta.

177 1681 240 1748 Sed
263 1683 414 1767 quoniam
437 1705 497 1747 nos
522 1687 671 1749 nostrum
689 1706 824 1767 pensum
845 1685 1042 1749 absolvimus
1062 1700 1136 1753 aoII

85 1771 229 1838 limitata
248 1774 299 1836 est
317 1772 468 1855 pecuaria
487 1773 645 1856 quaestio,
664 1794 750 1837 nunc
769 1795 880 1838 rursus
899 1795 957 1838 vos
976 1773 1100 1838 reddite

85 1861 200 1944 nobis,
228 1882 247 1924 o
276 1859 447 1943 Epirotae,
475 1861 514 1924 de
543 1883 608 1926 una
635 1882 834 1945 quoquere,
864 1864 902 1924 ut
925 1861 1100 1944 videamus,

47 1973 73 2012 ao
90 1949 168 2034 quid
192 1952 340 2031 pastores
365 1972 384 2013 a
406 1948 598 2033 Pergamide
617 1949 784 2014 Maledove
802 1951 888 2034 potis
908 1950 982 2014 sint.
1014 1950 1129 2015 Atti-2

89 2060 156 2116 cus,
174 2039 231 2122 qui
249 2042 326 2102 tunc
345 2037 438 2102 Titus
456 2036 667 2121 Pomponius,
684 2059 768 2102 nunc
788 2037 927 2114 Quintus
943 2036 1100 2102 Caecilius

89 2126 284 2212 cognomine
299 2125 421 2208 eodem,
440 2125 511 2212 Ego
527 2127 652 2210 opinor,
672 2127 788 2210 inquit,
801 2126 955 2210 incipiam
971 2126 1102 2211 primus,

90 2215 244 2301 quoniam
268 2215 303 2278 in
326 2237 377 2278 me
401 2215 508 2279 videre
532 2215 706 2280 coniecisse
730 2213 851 2300 oculos,
877 2219 910 2281 et
933 2215 1038 2280 dicam
1063 2215 1101 2280 de

90 2303 286 2388 primigenia
308 2305 467 2386 pecuaria.
514 2326 530 2367 e
553 2304 631 2368 feris
655 2304 740 2368 enim
762 2305 939 2388 pecudibus
962 2306 1102 2388 primum

49 2414 76 2455 25
91 2393 172 2457 dicis
192 2414 267 2455 oves
284 2391 522 2474 conprehensas
541 2394 582 2457 ab
599 2393 784 2457 hominibus
804 2415 841 2458 ac
855 2394 1103 2458 mansuefactos.

91 2482 152 2545 has
176 2480 317 2564 primum
341 2485 471 2564 oportet
493 2483 595 2546 bonas
620 2503 733 2559 emere,
758 2503 839 2564 quae
858 2482 906 2546 ita
925 2482 966 2545 ab
986 2485 1103 2559 aetate,

92 2570 121 2633 si
140 2590 244 2653 neque
262 2571 388 2633 vetulae
408 2573 485 2633 sunt
497 2592 604 2653 neque
623 2592 729 2634 merae
748 2589 861 2653 agnae,
880 2569 966 2653 quod
983 2569 1104 2633 alterae

93 2659 189 2739 [iam]
212 2657 364 2740 nondum,
389 2659 508 2722 alterae
532 2659 597 2722 iam
618 2682 682 2724 non
702 2661 841 2742 possunt
859 2658 935 2722 dare
954 2657 1105 2723 fructum.

92 2747 149 2811 sed
178 2767 217 2810 ea
244 2745 358 2810 melior
385 2751 489 2828 aetas,
519 2769 617 2831 quam
647 2748 793 2831 sequitur
823 2769 896 2831 spes
904 2796 912 2829 ,
943 2768 1039 2830 quam
1067 2768 1106 2810 ea

51 2857 79 2898 so
95 2856 193 2919 quam
226 2856 322 2899 mors.
373 2835 411 2899 de
444 2835 549 2899 forma
581 2857 673 2900 ovem
706 2857 775 2901 esse
811 2839 941 2920 oportet
972 2845 1136 2918 corpore3

186 3009 319 3063 lmulam
373 3004 394 3063 2’
410 3008 520 3078 subigio
576 3016 592 3064 6
612 3009 736 3064 ciconiae
756 3008 804 3078 qui
823 3009 966 3078 (cicoueae
985 3026 1056 3078 quae
1068 3009 1105 3077 V)

94 3085 111 3135 8
126 3078 230 3149 syriam
279 3078 310 3132 in
325 3079 441 3151 iudaea]
455 3080 484 3133 in
498 3080 577 3135 iurea
627 3085 661 3133 14
675 3081 750 3149 quod
765 3081 850 3135 latius
865 3084 948 3150 (quae
966 3080 1052 3135 latius
1068 3081 1105 3147 V)

96 3156 129 3205 15
150 3150 373 3204 TYPOTCOlan
450 3157 484 3205 22
504 3151 680 3222 cognomine]
705 3168 767 3206 cum
793 3152 906 3207 nomine
978 3157 1012 3206 23
1031 3151 1107 3205 ooni-

94 3222 167 3276 cisse
240 3226 275 3275 24
293 3221 440 3290 pecuariae
458 3220 525 3276 feris

186 3405 203 3454 8
230 3400 260 3453 in
291 3399 396 3454 Iudaea
432 3399 571 3455 Victorius
686 3405 722 3456 lb
753 3400 924 3469 saponarias
955 3400 1127 3452 ausaausa

95 3477 131 3524 22
149 3471 312 3536 cognomine
340 3469 480 3530 Victorius
554 3478 590 3531 23
611 3473 809 3532 coniecisset

138 3566 220 3606 Varro
233 3579 288 3608 sta.
303 3553 373 3612 aven,
982 3558 1005 3604 ἦ
