2386 3742
264 185 265 188 Ἴ
316 122 447 178 RERVM
465 122 705 179 RVSTIGARVM
722 123 789 180 LIB.
805 123 831 177 11
850 131 867 178 4
1055 126 1097 189 93

80 269 124 332 iis
150 267 293 332 animam
321 268 431 333 datum
456 289 526 333 esse
555 269 692 352 proinde
720 271 896 353 casalem,
927 292 1008 353 quae
1033 293 1098 335 ser·

80 362 178 421 varst
200 378 339 421 carnem.
377 380 394 422 c
417 357 490 441 quis
514 357 675 422 succidias
699 356 788 422 Galli
812 360 953 443 optimas
977 362 1010 422 et
1033 381 1099 424 ma·

80 446 189 510 ximas
220 445 327 510 facere
359 449 562 511 consuerunt.
608 447 804 529 optimarum
834 449 980 533 signum,
1012 448 1097 532 quod

83 534 187 598 etiam
200 556 284 599 nuno
298 535 470 622 quotannis
486 557 503 599 e
518 534 626 599 Gallia
643 536 855 619 adportentur
873 536 1011 601 Romam
1029 559 1099 620 per·

55 643 149 687 snae
172 623 365 688 Comacinae
390 626 422 687 et
445 622 588 689 Cauarae
618 627 650 687 et
678 627 857 708 petasones.
903 625 942 689 de
973 627 1149 710 magni-11

82 710 197 776 tudine
220 713 412 796 gallicarum
436 712 649 777 succidiurum
670 711 753 778 Cato
773 714 887 778 scribit
906 713 957 778 his
981 715 1099 798 verbis,

83 798 132 864 ‘in
155 798 253 865 Italia
275 799 432 865 Insubres
455 805 549 866 terna
572 806 670 885 atque
694 805 852 885 quaterna
873 801 964 867 milia
982 803 1098 884 [aulis]

83 888 301 954 succidiarum
325 889 452 973 saliere,
476 912 530 954 sus
549 910 650 973 usque
669 891 749 955 adeo
768 891 996 974 pinguitudine
1016 913 1099 956 cres-

83 999 157 1043 cere
181 978 274 1061 solet,
296 983 333 1042 ut
357 1000 391 1042 sc
409 979 482 1061 ipsa
500 981 590 1043 stans
610 980 770 1043 sustinere
789 1000 855 1043 non
873 979 977 1062 possit
995 1001 1099 1064 neque

41 1087 69 1128 ro
82 1066 236 1150 progredi
260 1088 407 1150 usquam.
444 1067 554 1150 itaque
578 1089 632 1132 eas
656 1068 758 1152 siquis
782 1090 845 1151 quo
865 1069 1000 1132 traicere
1019 1069 1099 1152 volt,

83 1156 120 1221 in
144 1155 327 1238 plaustrum
351 1153 500 1238 inponit?
536 1157 570 1219 in
592 1155 755 1239 Hispania
774 1157 928 1221 ulteriore
950 1157 985 1221 iu
1008 1155 1100 1221 Lusi-

82 1245 175 1308 tania
206 1242 384 1325 [ulteriore]
414 1267 469 1308 sus
494 1265 567 1308 oum
597 1248 684 1309 esset
712 1247 850 1330 occisus,
879 1244 1001 1310 Atilius
1024 1245 1100 1310 His-

86 1332 265 1415 paniensis,
288 1333 421 1396 minime
445 1333 583 1396 mendax
606 1337 639 1397 et
658 1334 834 1399 multarum
851 1356 958 1399 rerum
976 1336 1100 1418 peritus

84 1422 118 1485 in
140 1421 296 1504 doctriua,
319 1421 448 1486 dicebat
465 1420 500 1485 L.
520 1420 696 1489 Volumnio
717 1423 857 1487 senatori
875 1423 1009 1486 missam
1029 1444 1100 1487 esse

43 1531 70 1572 rs
86 1509 220 1574 offulam
253 1531 326 1574 cum
358 1510 483 1574 duabus
516 1511 630 1594 costis,
668 1532 750 1595 quae
782 1511 935 1595 penderet
967 1514 1035 1575 tres
1068 1518 1101 1575 et

83 1598 205 1683 viginti
233 1598 355 1682 pondo,
387 1601 519 1682 eiusque
549 1599 615 1664 suis
644 1622 663 1663 a
693 1603 765 1664 cute
793 1600 834 1664 ad
862 1621 898 1665 os
925 1599 1039 1683 pedem
1068 1605 1101 1664 et

85 1696 156 1751 tres
176 1686 295 1769 digitos
313 1686 421 1751 fuisse.
451 1686 511 1753 Oui
530 1707 601 1772 ego,
619 1687 694 1753 Non
713 1689 820 1753 miuus
840 1710 891 1752 res
911 1687 1152 1754 admirandam

84 1797 159 1839 cum
183 1775 228 1838 mi
251 1778 338 1839 esset
361 1775 447 1840 dicta
474 1775 509 1839 in
531 1775 685 1855 Arcadia,
714 1777 781 1842 scio
812 1799 864 1840 me
887 1777 952 1842 isse
976 1782 1101 1860 specta-

52 1937 54 1941 !
83 1867 156 1928 tum
181 1885 284 1947 suem,
311 1885 394 1948 quae
421 1887 499 1946 prae
526 1865 752 1950 pinguitudine
780 1866 887 1930 cernis
916 1887 981 1930 non
1005 1867 1100 1931 modo

43 1974 72 2015 so
86 1971 221 2036 surgere
239 1973 305 2016 non
323 1961 443 2036 posset,
468 1952 523 2018 sed
542 1954 641 2019 etiam
659 1954 749 2018 utin
768 1956 837 2018 eius
857 1974 989 2036 corpore
1008 1976 1102 2018 sorex

85 2062 183 2106 exesa
206 2061 301 2105 carne
324 2040 435 2105 nidum
458 2041 590 2106 fecisset
613 2046 645 2106 et
667 2043 847 2126 peperisset
877 2064 993 2106 mures.
1038 2043 1101 2108 hoc

85 2129 186 2194 etiam
209 2129 244 2193 in
267 2131 288 2210 †
310 2130 421 2194 vineta
443 2129 566 2195 factum
590 2131 710 2214 occepi.

176 2215 238 2282 Sus
261 2218 302 2282 ad
325 2217 464 2283 feturam
488 2240 571 2303 quae
595 2220 639 2284 sit
660 2219 805 2304 fecunda,
836 2219 1100 2284 animadvertunt
1113 2228 1152 2285 13

84 2307 154 2371 fere
187 2328 226 2371 ex
257 2307 363 2389 primo
395 2310 506 2390 partu,
537 2308 623 2391 quod
650 2330 714 2373 non
742 2310 880 2374 multum
908 2309 942 2372 in
969 2309 1102 2393 reliquis

43 2416 72 2458 ss
85 2397 202 2460 mutat.
247 2395 281 2458 in
304 2396 484 2480 nutricatu,
513 2418 608 2479 quam
637 2398 896 2481 porculationem
925 2397 1102 2482 appellant,

87 2484 175 2548 binis
198 2484 363 2548 mensibus
386 2505 501 2568 porcos
526 2485 636 2550 sinunt
655 2507 728 2549 oum
747 2486 920 2568 matribus3
953 2486 1103 2569 secundo,

87 2575 155 2654 [ea]
190 2593 263 2636 oum
295 2573 361 2637 iam
388 2573 478 2657 pasci
506 2577 657 2658 possunt,
690 2579 869 2640 secernunt
914 2573 1018 2656 porci,
1048 2574 1103 2657 qui

178 2752 195 2799 4
213 2746 367 2801 etiamnum
386 2747 461 2815 quod
479 2749 561 2801 annis
651 2752 668 2802 5
694 2748 852 2803 oomatinae
942 2747 1103 2817 petasiones

87 2822 103 2870 ’1
130 2815 274 2888 Insubres]
302 2817 332 2871 in
360 2818 472 2872 scrobes
548 2823 565 2872 8
594 2818 718 2873 succidia
746 2835 811 2873 uere
837 2836 884 2872 sus
964 2824 997 2873 10
1025 2818 1104 2874 uolet

88 2892 122 2941 11
142 2886 280 2955 plastrum
346 2893 379 2942 14
398 2887 543 2943 uelumnio
563 2890 717 2958 (uolumnio
742 2890 784 2959 V)
849 2895 882 2944 15
901 2888 999 2961 costis]
1015 2889 1102 2945 coctis

89 2965 123 3012 18
141 2958 210 3030 isse]
231 2976 291 3014 esse
363 2965 397 3013 25
417 2959 602 3030 appellabant

179 3124 197 3172 4
222 3117 308 3173 etiam
331 3136 405 3173 nunc
428 3136 444 3174 o
516 3124 533 3174 5
552 3119 713 3175 comacinas
737 3121 882 3176 Turnebus
904 3123 1008 3176 advers.
1032 3125 1062 3188 4,
1086 3127 1104 3176 6

88 3190 240 3259 petasones
259 3189 439 3245 Schneiderus
489 3197 504 3245 '1
523 3191 552 3244 in
571 3189 656 3246 ltalia
674 3192 803 3246 Insubres
824 3192 982 3246 Turnebus.-
999 3191 1030 3245 in
1048 3193 1104 3246 Ita·

89 3259 159 3315 liam
178 3260 308 3315 insubres
321 3263 402 3315 terna
422 3263 506 3329 atque
521 3263 657 3331 quaterna
670 3261 751 3316 milio
764 3261 951 3317 suocidiernm
965 3262 1105 3326 advehere

88 3332 235 3387 Iordanes
249 3331 345 3387 Oatoa.
363 3332 462 3402 fragm.
480 3350 507 3401 p.
522 3339 556 3387 11
601 3339 634 3388 10
652 3334 715 3387 uult
739 3334 876 3388 Victorius
919 3339 952 3387 12
971 3332 1105 3388 ulteriore

88 3403 188 3458 deleuit
205 3404 354 3458 Iucundos
436 3408 469 3458 15
488 3402 608 3462 costiso
690 3410 726 3461 15
741 3404 802 3460 isse
820 3404 981 3459 (tistitus
1028 3403 1126 3452 nrum

88 3472 207 3527 Venetia
231 3474 370 3530 7111011111
387 3480 414 3532 ct
431 3475 561 3550 Scoliyer
634 3484 673 3536 15
693 3476 853 3551 appetierit
866 3474 1003 3530 uiscus
