2386 3742
257 127 387 182 ansvn
405 114 642 181 nvsncnavn
660 125 728 180 ars.
747 126 760 179 1
778 129 884 179 41—45
1029 120 1072 188 57

55 275 136 340 illut
160 295 287 359 quoque
308 273 448 336 multum
471 273 615 356 interest,
638 271 672 335 in
696 269 768 336 rudi
791 273 887 355 terra,
913 294 955 335 an
978 272 1011 336 in
1035 294 1073 337 ea

56 385 166 447 seras,
195 384 277 447 quae
305 361 479 445 quotannis
502 361 610 426 obsita
634 359 690 444 sit,
719 382 799 444 quae
823 365 956 426 vocatur
979 362 1073 426 resti-

54 453 150 534 bilis,
183 474 225 516 an
257 453 292 515 in
321 454 473 515 vervacto
501 471 582 534 quae
609 448 773 513 interdum
800 451 965 534 requierit.
1012 449 1103 516 Ouia

55 541 192 627 Agrius,
214 539 255 604 In
278 539 439 623 Olynthia.
458 538 662 622 [quotannis]
683 537 844 602 restibilis
863 561 933 603 esse
952 540 1072 619 dieunt,

26 630 117 695 ssed
136 631 184 694 ita
202 633 239 693 ut
256 629 354 693 tertio
375 649 501 712 qnoque
520 649 605 692 anno
625 628 791 691 uberiores
810 626 919 692 ferant
939 629 1073 694 fructos.

55 718 212 802 Licinius,
235 719 360 801 Agrum
384 717 517 781 alternis
542 716 636 780 annis
659 716 800 800 relinqui
825 721 956 799 oportet
975 719 1073 801 paulo

58 809 146 889 [aut]
170 807 347 872 levioribus
372 805 563 891 sationibus,
586 806 692 869 idest
717 826 798 889 quae
821 805 929 870 minus
954 810 1074 891 sugunt

55 902 190 960 terram.
999 903 1003 910 '

150 984 293 1069 Dicetur,
315 984 422 1067 inquit
445 982 575 1068 Agrius,
600 983 638 1046 de
661 982 759 1046 tertio
778 983 890 1066 grands,
913 984 953 1048 de
971 984 1074 1048 nutri-

10 1097 41 1138 10
57 1073 243 1140 cationibus
277 1076 374 1157 atque
408 1071 569 1136 alimoniis
602 1093 722 1137 eorum.
766 1071 841 1156 Ille,
874 1072 963 1149 Quae
995 1077 1105 1137 natal

59 1165 155 1247 sunt,
186 1161 308 1246 inquit,
341 1162 377 1225 in
407 1160 508 1225 fundo
542 1161 702 1244 alescunt,
735 1162 846 1225 adulta
879 1161 1075 1246 concipiunt,

57 1251 252 1336 praegnatia
277 1249 331 1330 [L]
338 1300 345 1329 ‚
373 1272 446 1315 curn
464 1253 546 1314 ‘sunt
569 1253 710 1333 matura,
740 1251 874 1335 pariunt
897 1273 996 1333 poma
1020 1259 1076 1315 aut

59 1340 195 1424 spicam,
214 1339 260 1404 sic
280 1339 353 1405 alia.
382 1361 401 1402 a
419 1360 482 1423 quo
502 1337 692 1422 profectum,
711 1339 796 1403 redit
815 1361 933 1404 semen.
966 1340 1076 1424 itaque

59 1429 90 1492 si
118 1427 231 1492 florem
258 1429 450 1492 acerbumve
478 1428 586 1510 pirum
617 1427 745 1492 aliudve
769 1428 846 1512 quid
870 1429 1077 1512 decerpseris,

13 1541 42 1582 15
59 1517 97 1581 in
131 1516 243 1581 eodem
276 1517 346 1581 loco
380 1516 491 1580 eodem
524 1538 607 1580 anno
639 1516 722 1580 nihil
754 1518 951 1601 renascitur,
991 1516 1077 1600 quod

59 1605 315 1690 praegnationes
343 1605 429 1669 idem
458 1605 509 1668 bis
532 1606 653 1668 habere
677 1627 742 1669 non
766 1609 884 1688 potest.
930 1609 968 1669 ut
992 1606 1077 1669 enirn

60 1695 216 1758 mulieres
243 1694 367 1759 habent
396 1694 436 1758 ad
464 1697 595 1776 partum
622 1694 691 1758 dies
721 1697 839 1778 certos,
868 1694 914 1759 sic
946 1696 1077 1759 arbores

62 1805 102 1848 ac
125 1783 177 1847 fru
203 1804 246 1846 es.

153 1803 300 1936 Piimum
314 1871 505 1954 plerumque
522 1874 638 1934 eterra
650 1869 717 1934 exit
726 1872 883 1935 hordeum
894 1871 1007 1936 diebus
1018 1890 1077 1955 vn,
1088 1884 1168 1940 XLV

16 1985 45 2024 ao
62 1980 125 2024 nec
149 1962 251 2024 multo
275 1964 351 2043 post
372 1959 529 2043 triticum3
552 1959 719 2044 legumina
736 1961 804 2023 fere
824 1960 1001 2042 quadriduo
1022 1964 1078 2024 aut

62 2040 206 2133 quinque
227 2048 349 2131 diebus,
372 2052 601 2133 praeterquam
620 2048 711 2112 faba:
738 2070 776 2112 ea
794 2049 880 2112 enim
900 2049 1001 2113 serius
1022 2049 1078 2113 ali-

62 2143 187 2221 quanto
205 2137 316 2222 prodit
335 2139 442 2221 [seges
466 2137 633 2218 ostendit}
665 2137 744 2201 item
763 2138 889 2201 milium
908 2142 942 2201 et
960 2138 1079 2202 sesima

63 2231 98 2290 et
127 2232 234 2291 cetera
262 2225 413 2290 similiter
445 2227 556 2309 aequis
589 2225 656 2290 fere
690 2226 819 2310 diebus
851 2230 1079 2310 praeterquam

63 2314 171 2398 siquid
203 2315 293 2399 regio
327 2319 384 2378 aut
416 2318 593 2398 tempestas
626 2314 686 2378 viti
719 2316 846 2396 attulit,
880 2337 943 2399 quo
972 2316 1078 2379 minus

16 2427 46 2469 as
62 2405 112 2468 ita
135 2403 201 2468 fiat.
248 2403 388 2487 quaein
412 2404 584 2467 seminario
609 2407 695 2486 nata,
725 2405 751 2468 si
776 2405 849 2468 loca
873 2407 968 2468 erunt
990 2403 1108 2488 frigi-2

64 2492 166 2576 diora,
197 2514 279 2575 quae
302 2492 394 2556 molli
416 2496 535 2556 natura
558 2495 641 2575 sunt,
668 2514 726 2575 per
748 2493 909 2556 brumalia
931 2496 1080 2575 tempora

63 2585 175 2664 tegere
199 2585 329 2664 oportet
352 2580 466 2646 fronde
489 2584 546 2645 aut
565 2581 761 2645 stramentis.
800 2581 827 2644 si
847 2584 941 2644 erunt
959 2581 1080 2644 imbres

64 2670 178 2754 secuti,
197 2669 370 2734 videndum
388 2669 506 2734 necubi
525 2691 609 2753 aqna
623 2671 795 2734 consistat:
819 2691 977 2734 venenum
993 2669 1080 2733 enim

64 2758 176 2844 gelum
200 2758 362 2823 radicibus
386 2758 522 2822 tenellis.
566 2759 625 2822 sub
649 2760 738 2822 terra
761 2762 794 2821 et
818 2780 915 2842 supra
938 2758 1080 2842 virgulta

10 2880 44 2922 ω
62 2868 131 2911 non
155 2847 268 2912 eodem
291 2849 438 2931 tempore
462 2868 563 2930 aeque
587 2850 748 2911 creseunt:
780 2869 856 2912 nam
880 2847 1002 2912 radices
1026 2854 1110 2911 au·3

156 3074 353 3143 aquodunnis
443 3073 576 3128 lacrius
667 3073 825 3142 quodannis
851 3075 1013 3144 (quotannis
1042 3073 1080 3143 V)

64 3147 188 3215 6pculo
208 3149 257 3200 aut
276 3147 336 3213 (aut
353 3145 438 3213 paulo
457 3145 497 3215 V)
554 3151 586 3198 10
601 3144 693 3214 adque
750 3152 781 3199 11
797 3144 897 3215 inquid
934 3151 967 3198 12
981 3161 1080 3215 praeg-

60 3216 147 3272 natia
172 3215 369 3286 (praegnantis
393 3216 465 3271 Vct
487 3217 624 3271 nonnulla
648 3217 819 3287 apoprapha)
929 3222 962 3269 16
981 3232 1080 3285 praeg-

61 3287 191 3344 nationis
264 3293 298 3341 24
317 3286 382 3342 uitii
454 3292 488 3340 30
507 3288 575 3358 uon]
595 3303 631 3342 ne

151 3482 283 3550 Msfl'ur
300 3499 350 3539 ms
426 3489 461 3542 22
483 3503 568 3560 seges
588 3485 725 3546 ostendit
743 3479 1004 3542 catecumenos
