2386 3742
87 132 152 196 104
500 130 686 187 VARRONIS

86 278 197 362 binos,
225 299 297 342 cum
327 298 423 341 cavos
450 276 571 342 habeat
599 281 671 341 tum
698 280 917 362 renascentes,
952 278 984 343 ci
1014 281 1099 344 sexto

89 389 173 432 anno
197 366 329 450 inpleri,
358 369 506 450 septumo
531 388 642 431 omnes
666 365 785 430 habere
809 367 893 431 solet
915 370 1049 432 renatos
1071 370 1101 432 et

88 456 265 538 conpletas.
319 453 382 519 hoc
421 456 559 520 maiores
593 456 648 539 qui
681 458 765 539 sunt,
797 456 954 540 intellegi
981 460 1100 542 negant

87 564 197 628 posse,
229 546 456 628 praeterquam
484 565 557 608 oum
585 544 696 608 dentes
724 544 791 608 sint
812 543 892 608 facti
915 544 1050 610 brocchi
1070 548 1100 609 et

89 632 260 714 supercilia
292 653 373 696 cana
405 636 438 696 et
466 633 525 697 sub
555 655 593 697 ea
620 633 768 714 lacunae,
799 654 838 697 ex
864 653 897 698 eo
926 635 1127 700 observatus

56 721 199 788 ldicunt
226 743 299 785 eum
327 742 443 805 equom
470 720 590 786 habere
619 743 721 786 annos
745 721 891 787 sedecim.
937 722 1099 787 deforma

88 832 158 876 esse
182 813 312 894 oportet
330 810 555 896 magnitudine
574 809 709 894 modica,
732 810 816 893 quod
834 831 893 875 nec
912 815 1026 877 vastos
1044 833 1096 876 nec

88 900 229 965 minutos
253 899 345 963 decet
369 921 450 981 esse,
474 920 573 983 equas
597 900 746 964 clunibus
770 921 806 964 ac
825 899 999 964 ventribus
1017 901 1096 965 latis.

88 1009 196 1072 equos,
215 990 258 1054 ud
278 987 491 1052 admissuram
511 1009 592 1071 quos
607 988 687 1053 velis
701 986 831 1073 habere,
849 988 959 1074 legere
974 993 1095 1073 oportet

89 1076 197 1160 amplo
225 1098 373 1160 corpore,
400 1076 577 1159 formosos,
608 1077 697 1141 nulla
724 1083 818 1161 parte
845 1079 992 1162 corporis
1020 1079 1121 1144 intera

58 1179 123 1234 ose
146 1186 212 1228 non
236 1168 459 1249 congruentes.
498 1166 604 1249 qualis
627 1165 756 1230 futurus
776 1165 820 1230 sit
840 1187 951 1251 equus,
976 1168 1093 1252 epullo
1130 1226 1132 1237 ,

89 1253 261 1317 coniectari
289 1257 412 1336 potest,
445 1254 472 1318 si
504 1257 602 1339 caput
632 1254 733 1318 habet
762 1275 828 1320 non
858 1276 1016 1340 magnum
1043 1277 1093 1321 nec
1130 1256 1132 1261 ’

89 1342 243 1406 membris
271 1341 413 1407 confusis
442 1343 470 1406 si
498 1348 562 1425 est,
593 1343 696 1408 oculis
724 1342 842 1428 nigris,
875 1345 1012 1410 naribus
1037 1367 1093 1410 non

89 1431 252 1514 angustis,
287 1431 419 1496 auribus
453 1430 639 1514 adplicatis,
673 1434 840 1517 [angusta]
873 1431 952 1498 iuba
982 1434 1092 1514 crebra,

88 1520 188 1603 fusca,
216 1519 386 1602 subcrispo
414 1521 628 1585 subtenuibus
657 1521 764 1603 saetis,
794 1521 953 1604 inplicata
972 1524 1008 1588 in
1030 1523 1117 1587 dex-u

87 1609 240 1673 teriorem
273 1612 397 1692 partem
430 1610 583 1691 cervicis,
616 1612 728 1693 pectus
760 1611 864 1674 latum
897 1615 931 1675 et
962 1612 1093 1696 plenum,

89 1698 209 1761 umeris
237 1697 328 1779 latis,
356 1702 467 1762 ventre
495 1698 636 1775 modico,
663 1698 784 1763 lumbis
812 1699 964 1764 deorsum
992 1721 1093 1767 versus

89 1786 221 1868 pressis,
245 1786 386 1868 scapulis
404 1787 490 1870 latis,
513 1788 607 1871 spina
625 1787 765 1851 maxime
785 1787 914 1872 duplici,
938 1789 1095 1871 siminus,

88 1897 151 1940 non
184 1875 319 1957 extanti,
356 1875 436 1939 coda
470 1877 578 1959 ampla
611 1875 792 1960 subcrispo,
825 1877 975 1942 cruribus
1006 1877 1093 1944 rectis

90 1964 279 2049 aequalibus
307 1965 391 2029 intro
420 1985 533 2028 versus
560 1965 668 2047 potius
692 1964 855 2048 figuratis,
885 1967 1024 2049 genibus
1049 1983 1119 2031 rus

89 2053 198 2117 tundis
213 2075 253 2116 ne
268 2054 410 2138 magnis,
424 2052 555 2137 ungulis
570 2053 672 2117 duris:
696 2054 766 2117 tcto
782 2075 916 2139 corpore
930 2059 968 2120 ut
986 2056 1095 2121 habeat

89 2164 200 2223 venas,
218 2163 300 2225 quse
315 2142 530 2206 animadverti
543 2142 681 2226 possint,
695 2141 781 2224 quod
795 2144 849 2224 qui
862 2142 999 2210 huiusce
1016 2143 1095 2210 modi

91 2231 144 2311 sit,
170 2232 229 2310 [ct]
254 2251 326 2293 cum
350 2235 401 2294 est
423 2250 528 2313 aeger,
554 2231 594 2295 ad
613 2230 804 2294 medendum
828 2231 997 2316 adpositus
1020 2235 1094 2314 [cor

61 2330 168 2402 Spore
191 2317 319 2397 multo}
356 2317 449 2382 det
418 2317 519 2402 stirpe
544 2319 653 2404 magni
676 2319 812 2384 interest
834 2343 898 2404 qua
917 2321 984 2387 sint
986 2320 1095 2408 ,quod

91 2428 210 2491 genera
229 2410 305 2470 sunt
323 2406 435 2471 multa
462 2408 571 2491 itaque
590 2409 631 2472 ab
650 2407 712 2473 hoc
731 2408 857 2474 nobiles
876 2430 896 2474 a
914 2410 1121 2513 regionibqss

12 2494 15 2499 ’
90 2496 292 2578 dicuntur,
283 2518 318 2560 ιιι
346 2494 481 2561 Graecia
509 2496 690 2561 Thessalici
720 2497 794 2581 equi
820 2517 842 2561 a
870 2497 1078 2583 Masalia,
1065 2518 1096 2563 cs

180 2654 252 2725 lei]
273 2653 313 2708 eis
357 2654 497 2707 tralatos
543 2653 673 2707 olacuni
692 2669 740 2706 sex
758 2652 911 2708 obseruata
952 2655 1095 2726 osquam]

90 2742 224 2794 equorum
297 2725 331 2777 de
350 2741 400 2779 om.
475 2722 599 2778 tuallos
673 2730 794 2792 9equos
811 2724 969 2780 admissura
1040 2728 1096 2796 lege

92 2803 122 2850 11
144 2795 309 2876 congruenti
327 2796 460 2864 (congrue
479 2813 517 2848 nu
540 2810 577 2863 ap
579 2795 774 2935 opqapba
724 2796 885 2863 recentiora)
977 2797 1096 2880 epullo]

90 2885 105 2920 e
129 2865 207 2936 palio
318 2872 350 2918 15
374 2865 451 2919 lusta
476 2864 567 2935 (fusca
618 2866 793 2935 )subcripta
817 2866 1012 2924 subtenuimus
1035 2867 1097 2925 satis

92 2943 124 2992 16
143 2935 318 3006 inpublicata
342 2936 499 3005 (implicata
520 2935 558 3006 V)
633 2942 665 2991 17
690 2935 819 2992 deorsum
842 2953 939 2993 uersus
963 2940 1097 3008 (deorsum

89 3027 201 3064 uersum
226 3007 264 3076 V)
349 3013 384 3062 20
402 3008 523 3076 figurata
608 3015 642 3062 22
662 3009 779 3077 possunt
798 3008 874 3077 quod
891 3009 1009 3066 huiusce
1027 3009 1098 3066 modi

89 3087 124 3136 25
143 3079 192 3150 ab]
212 3078 249 3132 ad
320 3083 355 3131 26
372 3078 516 3134 thessalici
536 3080 636 3147 aquia
658 3082 734 3134 terra
757 3080 852 3150 apulia
874 3080 976 3137 brosea
993 3081 1099 3138 roseanl

181 3211 195 3258 1
216 3221 298 3259 cavos
318 3202 497 3258 Sebueiderus
574 3208 589 3256 2
609 3205 722 3258 renatos
739 3220 756 3258 o
832 3210 848 3259 5
867 3204 985 3260 lacunae
1004 3223 1038 3261 ex
1056 3204 1099 3260 ob·

91 3278 238 3331 seruatuo
312 3280 411 3329 sseum
430 3289 532 3340 equum
550 3291 598 3330 mc
658 3276 787 3329 luactos
806 3292 853 3330 mo
913 3277 986 3331 9ad
1004 3274 1100 3332 admis-

91 3364 218 3402 suramu
284 3346 378 3426 legere
397 3346 511 3412 oportet
527 3362 574 3400 mo
642 3351 673 3399 11
694 3361 708 3399 e
728 3346 806 3414 pullo
825 3363 851 3400 m
906 3351 939 3400 15
960 3348 1101 3427 subcrispa

79 3417 271 3476 subtenuibus
291 3414 397 3474 setiso
474 3421 510 3472 22
528 3417 671 3487 possluto
752 3415 828 3483 quod
843 3417 893 3483 qui
909 3415 1102 3474 huiuscemodi

67 3489 109 3544 sit
126 3493 289 3549 Iracundus
