<?xml version="1.0" encoding="UTF-8"?>
<!DOCTYPE html PUBLIC "-//W3C//DTD XHTML 1.0 Transitional//EN"
    "http://www.w3.org/TR/xhtml1/DTD/xhtml1-transitional.dtd">
<html xmlns="http://www.w3.org/1999/xhtml" xml:lang="en" lang="en">
 <head>
  <title>
</title>
<meta http-equiv="Content-Type" content="text/html;charset=utf-8" />
  <meta name='ocr-system' content='tesseract 3.04.00' />
  <meta name='ocr-capabilities' content='ocr_page ocr_carea ocr_par ocr_line ocrx_word'/>
</head>
<body>
  <div class='ocr_page' id='page_1' title='image "./mterentivarroni01varrgoog/mterentivarroni01varrgoog_0179.png"; bbox 0 0 2386 3742; ppageno 0'>
   <div class='ocr_carea' id='block_1_1' title="bbox 103 162 700 262">
    <p class='ocr_par' dir='ltr' id='par_1_1' title="bbox 103 162 700 262">
     <span class='ocr_line' id='line_1_1' title="bbox 103 162 700 262; baseline -0.018 -24"><span class='ocrx_word' id='word_1_1' title='bbox 103 162 186 238; x_wconf 79' lang='lat'>164&#39;</span> <span class='ocrx_word' id='word_1_2' title='bbox 451 257 456 262; x_wconf 10' lang='grc' dir='ltr'><strong><em>ὗ</em></strong></span> <span class='ocrx_word' id='word_1_3' title='bbox 516 173 700 229; x_wconf 68' lang='lat' dir='ltr'>vicaonis</span> 
     </span>
    </p>
   </div>
   <div class='ocr_carea' id='block_1_2' title="bbox 68 318 1154 2711">
    <p class='ocr_par' dir='ltr' id='par_1_2' title="bbox 68 318 1154 2711">
     <span class='ocr_line' id='line_1_2' title="bbox 100 318 1113 403; baseline -0.001 -20"><span class='ocrx_word' id='word_1_4' title='bbox 100 321 134 383; x_wconf 90' lang='lat' dir='ltr'>et</span> <span class='ocrx_word' id='word_1_5' title='bbox 156 319 330 401; x_wconf 87' lang='lat' dir='ltr'>salsarum,</span> <span class='ocrx_word' id='word_1_6' title='bbox 354 319 493 383; x_wconf 87' lang='lat' dir='ltr'>alterum</span> <span class='ocrx_word' id='word_1_7' title='bbox 518 318 603 401; x_wconf 90' lang='lat' dir='ltr'>apud</span> <span class='ocrx_word' id='word_1_8' title='bbox 625 319 755 402; x_wconf 84' lang='lat' dir='ltr'>plebem</span> <span class='ocrx_word' id='word_1_9' title='bbox 779 324 813 384; x_wconf 86' lang='lat' dir='ltr'>et</span> <span class='ocrx_word' id='word_1_10' title='bbox 829 340 892 384; x_wconf 80' lang='lat' dir='ltr'>aon</span> <span class='ocrx_word' id='word_1_11' title='bbox 911 319 982 383; x_wconf 90' lang='lat' dir='ltr'>sine</span> <span class='ocrx_word' id='word_1_12' title='bbox 1001 319 1113 403; x_wconf 89' lang='lat' dir='ltr'>fructu,</span> 
     </span>
     <span class='ocr_line' id='line_1_3' title="bbox 100 407 1114 492; baseline 0 -21"><span class='ocrx_word' id='word_1_13' title='bbox 100 407 156 471; x_wconf 90' lang='lat' dir='ltr'>ubi</span> <span class='ocrx_word' id='word_1_14' title='bbox 185 407 339 491; x_wconf 84' lang='lat' dir='ltr'><strong>lymphae</strong></span> <span class='ocrx_word' id='word_1_15' title='bbox 372 430 491 492; x_wconf 89' lang='lat' dir='ltr'>aquam</span> <span class='ocrx_word' id='word_1_16' title='bbox 521 407 664 492; x_wconf 81' lang='lat' dir='ltr'><strong>piscibus</strong></span> <span class='ocrx_word' id='word_1_17' title='bbox 692 409 813 473; x_wconf 89' lang='lat' dir='ltr'>nostris</span> <span class='ocrx_word' id='word_1_18' title='bbox 840 408 993 473; x_wconf 81' lang='lat' dir='ltr'>villaticis</span> <span class='ocrx_word' id='word_1_19' title='bbox 1025 408 1114 472; x_wconf 91' lang='lat' dir='ltr'>mini·</span> 
     </span>
     <span class='ocr_line' id='line_1_4' title="bbox 99 496 1115 580; baseline -0.002 -19"><span class='ocrx_word' id='word_1_20' title='bbox 99 501 219 561; x_wconf 86' lang='lat' dir='ltr'>strant:</span> <span class='ocrx_word' id='word_1_21' title='bbox 253 496 329 560; x_wconf 89' lang='lat' dir='ltr'>illae</span> <span class='ocrx_word' id='word_1_22' title='bbox 352 501 460 571; x_wconf 83' lang='lat' dir='ltr'>autem</span> <span class='ocrx_word' id='word_1_23' title='bbox 484 496 668 560; x_wconf 78' lang='lat' dir='ltr'>maritimae</span> <span class='ocrx_word' id='word_1_24' title='bbox 690 497 834 580; x_wconf 82' lang='lat' dir='ltr'>piscinae</span> <span class='ocrx_word' id='word_1_25' title='bbox 856 496 1029 580; x_wconf 87' lang='lat' dir='ltr'>nobilium,</span> <span class='ocrx_word' id='word_1_26' title='bbox 1052 497 1115 580; x_wconf 92' lang='lat' dir='ltr'>qui·</span> 
     </span>
     <span class='ocr_line' id='line_1_5' title="bbox 99 583 1115 671; baseline 0.001 -22"><span class='ocrx_word' id='word_1_27' title='bbox 99 585 160 649; x_wconf 89' lang='lat' dir='ltr'>bus</span> <span class='ocrx_word' id='word_1_28' title='bbox 180 583 351 668; x_wconf 78' lang='lat' dir='ltr'>Neptunus</span> <span class='ocrx_word' id='word_1_29' title='bbox 376 589 408 649; x_wconf 91' lang='lat' dir='ltr'>et</span> <span class='ocrx_word' id='word_1_30' title='bbox 431 607 548 669; x_wconf 86' lang='lat' dir='ltr'>aquam</span> <span class='ocrx_word' id='word_1_31' title='bbox 572 589 605 649; x_wconf 89' lang='lat' dir='ltr'>et</span> <span class='ocrx_word' id='word_1_32' title='bbox 627 585 727 670; x_wconf 89' lang='lat' dir='ltr'>piscis</span> <span class='ocrx_word' id='word_1_33' title='bbox 752 587 926 668; x_wconf 86' lang='lat' dir='ltr'>ministrat,</span> <span class='ocrx_word' id='word_1_34' title='bbox 948 586 1057 671; x_wconf 79' lang='lat' dir='ltr'>magis</span> <span class='ocrx_word' id='word_1_35' title='bbox 1078 587 1115 650; x_wconf 85' lang='lat' dir='ltr'>ad</span> 
     </span>
     <span class='ocr_line' id='line_1_6' title="bbox 100 673 1150 758; baseline 0 -20"><span class='ocrx_word' id='word_1_36' title='bbox 100 673 211 739; x_wconf 77' lang='lat' dir='ltr'>oculo·</span> <span class='ocrx_word' id='word_1_37' title='bbox 234 675 411 757; x_wconf 87' lang='lat' dir='ltr'>pertinent,</span> <span class='ocrx_word' id='word_1_38' title='bbox 434 695 532 757; x_wconf 85' lang='lat' dir='ltr'>quam</span> <span class='ocrx_word' id='word_1_39' title='bbox 556 673 596 738; x_wconf 88' lang='lat' dir='ltr'>ad</span> <span class='ocrx_word' id='word_1_40' title='bbox 618 675 769 756; x_wconf 88' lang='lat' dir='ltr'>vesicam,</span> <span class='ocrx_word' id='word_1_41' title='bbox 792 677 825 738; x_wconf 93' lang='lat' dir='ltr'>et</span> <span class='ocrx_word' id='word_1_42' title='bbox 848 675 957 758; x_wconf 87' lang='lat' dir='ltr'>potius</span> <span class='ocrx_word' id='word_1_43' title='bbox 980 675 1114 758; x_wconf 87' lang='lat' dir='ltr'>marsip·</span> <span class='ocrx_word' id='word_1_44' title='bbox 1140 690 1150 731; x_wconf 75' lang='grc' dir='ltr'>ι</span> 
     </span>
     <span class='ocr_line' id='line_1_7' title="bbox 98 761 1116 847; baseline 0.002 -22"><span class='ocrx_word' id='word_1_45' title='bbox 98 762 189 846; x_wconf 91' lang='lat' dir='ltr'>pium</span> <span class='ocrx_word' id='word_1_46' title='bbox 214 761 337 827; x_wconf 90' lang='lat' dir='ltr'>domini</span> <span class='ocrx_word' id='word_1_47' title='bbox 361 762 560 846; x_wconf 84' lang='lat' dir='ltr'>exinaniunt,</span> <span class='ocrx_word' id='word_1_48' title='bbox 583 783 680 845; x_wconf 88' lang='lat' dir='ltr'>quam</span> <span class='ocrx_word' id='word_1_49' title='bbox 699 763 835 847; x_wconf 88' lang='lat' dir='ltr'>inplent.</span> <span class='ocrx_word' id='word_1_50' title='bbox 870 764 1013 846; x_wconf 91' lang='lat' dir='ltr'>primum</span> <span class='ocrx_word' id='word_1_51' title='bbox 1032 765 1116 828; x_wconf 92' lang='lat' dir='ltr'>enim</span> 
     </span>
     <span class='ocr_line' id='line_1_8' title="bbox 100 850 1117 937; baseline 0.002 -22"><span class='ocrx_word' id='word_1_52' title='bbox 100 850 313 915; x_wconf 88' lang='lat' dir='ltr'>aedificantur</span> <span class='ocrx_word' id='word_1_53' title='bbox 335 872 468 937; x_wconf 88' lang='lat' dir='ltr'>magno,</span> <span class='ocrx_word' id='word_1_54' title='bbox 496 850 636 916; x_wconf 87' lang='lat' dir='ltr'>secundo</span> <span class='ocrx_word' id='word_1_55' title='bbox 659 850 826 935; x_wconf 89' lang='lat' dir='ltr'>inplentur</span> <span class='ocrx_word' id='word_1_56' title='bbox 853 873 990 937; x_wconf 88' lang='lat' dir='ltr'>magno,</span> <span class='ocrx_word' id='word_1_57' title='bbox 1019 853 1117 917; x_wconf 87' lang='lat' dir='ltr'>tertio</span> 
     </span>
     <span class='ocr_line' id='line_1_9' title="bbox 71 939 1116 1025; baseline -0.001 -19"><span class='ocrx_word' id='word_1_58' title='bbox 71 939 233 1006; x_wconf 86' lang='lat' dir='ltr'>3aluntur</span> <span class='ocrx_word' id='word_1_59' title='bbox 256 961 385 1025; x_wconf 82' lang='lat' dir='ltr'>magno.</span> <span class='ocrx_word' id='word_1_60' title='bbox 420 939 539 1004; x_wconf 91' lang='lat' dir='ltr'>Hirrus</span> <span class='ocrx_word' id='word_1_61' title='bbox 560 939 681 1004; x_wconf 91' lang='lat' dir='ltr'>circum</span> <span class='ocrx_word' id='word_1_62' title='bbox 704 940 846 1024; x_wconf 79' lang='lat' dir='ltr'>piscinas</span> <span class='ocrx_word' id='word_1_63' title='bbox 869 963 945 1005; x_wconf 87' lang='lat' dir='ltr'>suas</span> <span class='ocrx_word' id='word_1_64' title='bbox 969 963 1009 1005; x_wconf 88' lang='lat' dir='ltr'>ex</span> <span class='ocrx_word' id='word_1_65' title='bbox 1033 941 1116 1005; x_wconf 91' lang='lat' dir='ltr'>aedi·</span> 
     </span>
     <span class='ocr_line' id='line_1_10' title="bbox 99 1027 1118 1112; baseline 0.004 -21"><span class='ocrx_word' id='word_1_66' title='bbox 99 1027 183 1092; x_wconf 89' lang='lat' dir='ltr'>ficiis</span> <span class='ocrx_word' id='word_1_67' title='bbox 212 1028 359 1093; x_wconf 89' lang='lat' dir='ltr'>duodena</span> <span class='ocrx_word' id='word_1_68' title='bbox 386 1029 478 1093; x_wconf 88' lang='lat' dir='ltr'>milia</span> <span class='ocrx_word' id='word_1_69' title='bbox 506 1030 656 1093; x_wconf 86' lang='lat' dir='ltr'>sestertia</span> <span class='ocrx_word' id='word_1_70' title='bbox 683 1030 840 1112; x_wconf 86' lang='lat' dir='ltr'>capiebat.</span> <span class='ocrx_word' id='word_1_71' title='bbox 886 1052 957 1094; x_wconf 90' lang='lat' dir='ltr'>eam</span> <span class='ocrx_word' id='word_1_72' title='bbox 988 1051 1118 1095; x_wconf 89' lang='lat' dir='ltr'>omnem</span> 
     </span>
     <span class='ocr_line' id='line_1_11' title="bbox 100 1116 1151 1202; baseline -0.004 -21"><span class='ocrx_word' id='word_1_73' title='bbox 100 1117 279 1181; x_wconf 86' lang='lat' dir='ltr'>mercedem</span> <span class='ocrx_word' id='word_1_74' title='bbox 300 1118 392 1201; x_wconf 90' lang='lat' dir='ltr'>escis,</span> <span class='ocrx_word' id='word_1_75' title='bbox 410 1139 490 1201; x_wconf 89' lang='lat' dir='ltr'>quas</span> <span class='ocrx_word' id='word_1_76' title='bbox 510 1116 609 1181; x_wconf 86' lang='lat' dir='ltr'>dabat</span> <span class='ocrx_word' id='word_1_77' title='bbox 626 1117 778 1202; x_wconf 83' lang='lat' dir='ltr'>piscibus,</span> <span class='ocrx_word' id='word_1_78' title='bbox 797 1119 1021 1184; x_wconf 88' lang='lat' dir='ltr'>consumebat.</span> <span class='ocrx_word' id='word_1_79' title='bbox 1051 1141 1118 1184; x_wconf 89' lang='lat' dir='ltr'>non</span> <span class='ocrx_word' id='word_1_80' title='bbox 1131 1139 1151 1178; x_wconf 85' lang='grc' dir='ltr'>ιι</span> 
     </span>
     <span class='ocr_line' id='line_1_12' title="bbox 99 1205 1117 1290; baseline 0.006 -23"><span class='ocrx_word' id='word_1_81' title='bbox 99 1205 232 1268; x_wconf 88' lang='lat' dir='ltr'>mirum:</span> <span class='ocrx_word' id='word_1_82' title='bbox 264 1227 328 1270; x_wconf 91' lang='lat' dir='ltr'>uno</span> <span class='ocrx_word' id='word_1_83' title='bbox 350 1209 498 1290; x_wconf 88' lang='lat' dir='ltr'>tempore</span> <span class='ocrx_word' id='word_1_84' title='bbox 523 1207 609 1270; x_wconf 91' lang='lat' dir='ltr'>enim</span> <span class='ocrx_word' id='word_1_85' title='bbox 633 1206 765 1271; x_wconf 91' lang='lat' dir='ltr'>memini</span> <span class='ocrx_word' id='word_1_86' title='bbox 787 1207 873 1273; x_wconf 91' lang='lat' dir='ltr'>hunc</span> <span class='ocrx_word' id='word_1_87' title='bbox 896 1205 1031 1272; x_wconf 80' lang='lat' dir='ltr'>Caesari</span> <span class='ocrx_word' id='word_1_88' title='bbox 1055 1209 1117 1273; x_wconf 89' lang='lat' dir='ltr'>duo</span> 
     </span>
     <span class='ocr_line' id='line_1_13' title="bbox 99 1293 1119 1380; baseline 0.004 -24"><span class='ocrx_word' id='word_1_89' title='bbox 99 1293 191 1357; x_wconf 86' lang='lat' dir='ltr'>milia</span> <span class='ocrx_word' id='word_1_90' title='bbox 215 1315 422 1359; x_wconf 86' lang='lat' dir='ltr'>murenarum</span> <span class='ocrx_word' id='word_1_91' title='bbox 445 1298 558 1359; x_wconf 90' lang='lat' dir='ltr'>mutua</span> <span class='ocrx_word' id='word_1_92' title='bbox 582 1295 741 1360; x_wconf 89' lang='lat' dir='ltr'>dedisse&#39;</span> <span class='ocrx_word' id='word_1_93' title='bbox 730 1317 765 1359; x_wconf 93' lang='grc' dir='ltr'>ιιι</span> <span class='ocrx_word' id='word_1_94' title='bbox 785 1297 912 1380; x_wconf 88' lang='lat' dir='ltr'>pondus</span> <span class='ocrx_word' id='word_1_95' title='bbox 932 1302 966 1360; x_wconf 92' lang='lat' dir='ltr'>et</span> <span class='ocrx_word' id='word_1_96' title='bbox 984 1301 1119 1380; x_wconf 86' lang='lat' dir='ltr'>propter</span> 
     </span>
     <span class='ocr_line' id='line_1_14' title="bbox 98 1382 1119 1469; baseline 0.005 -23"><span class='ocrx_word' id='word_1_97' title='bbox 98 1382 236 1466; x_wconf 89' lang='lat' dir='ltr'>piscium</span> <span class='ocrx_word' id='word_1_98' title='bbox 265 1384 360 1448; x_wconf 91' lang='lat' dir='ltr'>multi</span> <span class='ocrx_word' id='word_1_99' title='bbox 362 1384 508 1448; x_wconf 86' lang='lat' dir='ltr'>tudinem</span> <span class='ocrx_word' id='word_1_100' title='bbox 536 1384 729 1469; x_wconf 82' lang='lat' dir='ltr'>quadragies</span> <span class='ocrx_word' id='word_1_101' title='bbox 758 1386 907 1450; x_wconf 87' lang='lat' dir='ltr'>sestertio</span> <span class='ocrx_word' id='word_1_102' title='bbox 931 1385 1043 1450; x_wconf 87' lang='lat' dir='ltr'>villam</span> <span class='ocrx_word' id='word_1_103' title='bbox 1068 1408 1119 1451; x_wconf 80' lang='lat' dir='ltr'>ve</span> 
     </span>
     <span class='ocr_line' id='line_1_15' title="bbox 99 1470 1119 1556; baseline 0.006 -22"><span class='ocrx_word' id='word_1_104' title='bbox 99 1470 196 1537; x_wconf 88' lang='lat' dir='ltr'>nisse</span> <span class='ocrx_word' id='word_1_105' title='bbox 243 1494 324 1556; x_wconf 89' lang='lat' dir='ltr'>quae</span> <span class='ocrx_word' id='word_1_106' title='bbox 356 1477 470 1537; x_wconf 85' lang='lat' dir='ltr'>nostra</span> <span class='ocrx_word' id='word_1_107' title='bbox 502 1473 626 1556; x_wconf 85' lang='lat' dir='ltr'>piscina</span> <span class='ocrx_word' id='word_1_108' title='bbox 656 1473 783 1555; x_wconf 89' lang='lat' dir='ltr'>plebeia</span> <span class='ocrx_word' id='word_1_109' title='bbox 816 1495 852 1538; x_wconf 81' lang='lat' dir='ltr'>ac</span> <span class='ocrx_word' id='word_1_110' title='bbox 881 1474 982 1538; x_wconf 91' lang='lat' dir='ltr'>medit</span> <span class='ocrx_word' id='word_1_111' title='bbox 968 1478 1119 1540; x_wconf 89' lang='lat' dir='ltr'>etrranea</span> 
     </span>
     <span class='ocr_line' id='line_1_16' title="bbox 99 1560 1154 1646; baseline 0.002 -24"><span class='ocrx_word' id='word_1_112' title='bbox 99 1565 186 1625; x_wconf 89' lang='lat' dir='ltr'>recte</span> <span class='ocrx_word' id='word_1_113' title='bbox 154 1560 288 1625; x_wconf 91' lang='lat' dir='ltr'>tedicit</span> <span class='ocrx_word' id='word_1_114' title='bbox 274 1564 327 1625; x_wconf 88' lang='lat' dir='ltr'>tur</span> <span class='ocrx_word' id='word_1_115' title='bbox 351 1560 453 1626; x_wconf 91' lang='lat' dir='ltr'>dulcis</span> <span class='ocrx_word' id='word_1_116' title='bbox 477 1565 511 1624; x_wconf 90' lang='lat' dir='ltr'>et</span> <span class='ocrx_word' id='word_1_117' title='bbox 533 1561 590 1625; x_wconf 84' lang='lat' dir='ltr'>illa</span> <span class='ocrx_word' id='word_1_118' title='bbox 614 1583 733 1626; x_wconf 87' lang='lat' dir='ltr'>amara</span> <span class='ocrx_word' id='word_1_119' title='bbox 771 1562 843 1646; x_wconf 92' lang='lat' dir='ltr'>quis</span> <span class='ocrx_word' id='word_1_120' title='bbox 864 1563 950 1627; x_wconf 90' lang='lat' dir='ltr'>enim</span> <span class='ocrx_word' id='word_1_121' title='bbox 968 1568 1118 1628; x_wconf 87' lang='lat' dir='ltr'>nostrum</span> <span class='ocrx_word' id='word_1_122' title='bbox 1131 1582 1154 1624; x_wconf 80' lang='lat' dir='ltr'>rs</span> 
     </span>
     <span class='ocr_line' id='line_1_17' title="bbox 100 1650 1118 1736; baseline 0.005 -25"><span class='ocrx_word' id='word_1_123' title='bbox 100 1669 165 1713; x_wconf 90' lang='lat' dir='ltr'>non</span> <span class='ocrx_word' id='word_1_124' title='bbox 189 1671 254 1713; x_wconf 87' lang='lat' dir='ltr'>una</span> <span class='ocrx_word' id='word_1_125' title='bbox 277 1653 448 1715; x_wconf 89' lang='lat' dir='ltr'>contentus</span> <span class='ocrx_word' id='word_1_126' title='bbox 473 1654 523 1713; x_wconf 88' lang='lat' dir='ltr'>est</span> <span class='ocrx_word' id='word_1_127' title='bbox 540 1650 602 1714; x_wconf 90' lang='lat' dir='ltr'>hac</span> <span class='ocrx_word' id='word_1_128' title='bbox 621 1650 768 1733; x_wconf 80' lang='lat' dir='ltr'>piscina?</span> <span class='ocrx_word' id='word_1_129' title='bbox 798 1651 869 1736; x_wconf 91' lang='lat' dir='ltr'>quis</span> <span class='ocrx_word' id='word_1_130' title='bbox 890 1655 1005 1717; x_wconf 89' lang='lat' dir='ltr'>contra</span> <span class='ocrx_word' id='word_1_131' title='bbox 1023 1654 1118 1717; x_wconf 88' lang='lat' dir='ltr'>mari-</span> 
     </span>
     <span class='ocr_line' id='line_1_18' title="bbox 100 1730 1117 1824; baseline 0.004 -23"><span class='ocrx_word' id='word_1_132' title='bbox 100 1741 208 1802; x_wconf 92' lang='lat' dir='ltr'>tumas</span> <span class='ocrx_word' id='word_1_133' title='bbox 245 1759 312 1802; x_wconf 90' lang='lat' dir='ltr'>non</span> <span class='ocrx_word' id='word_1_134' title='bbox 345 1761 383 1802; x_wconf 84' lang='lat' dir='ltr'>ex</span> <span class='ocrx_word' id='word_1_135' title='bbox 415 1730 548 1823; x_wconf 82' lang='lat' dir='ltr'>piscinis</span> <span class='ocrx_word' id='word_1_136' title='bbox 582 1739 721 1824; x_wconf 81' lang='lat' dir='ltr'>singulis</span> <span class='ocrx_word' id='word_1_137' title='bbox 755 1740 892 1822; x_wconf 90' lang='lat' dir='ltr'>[plures]</span> <span class='ocrx_word' id='word_1_138' title='bbox 927 1741 1117 1806; x_wconf 88' lang='lat' dir='ltr'>coniunctas</span> 
     </span>
     <span class='ocr_line' id='line_1_19' title="bbox 68 1825 1117 1912; baseline 0.004 -22"><span class='ocrx_word' id='word_1_139' title='bbox 68 1825 201 1890; x_wconf 86' lang='lat' dir='ltr'>4habet</span> <span class='ocrx_word' id='word_1_140' title='bbox 222 1826 348 1909; x_wconf 83' lang='lat' dir='ltr'>pluris?</span> <span class='ocrx_word' id='word_1_141' title='bbox 378 1849 455 1892; x_wconf 90' lang='lat' dir='ltr'>nam</span> <span class='ocrx_word' id='word_1_142' title='bbox 479 1833 515 1892; x_wconf 90' lang='lat' dir='ltr'>ut</span> <span class='ocrx_word' id='word_1_143' title='bbox 533 1826 723 1892; x_wconf 86' lang='lat' dir='ltr'>Pausrase</span> <span class='ocrx_word' id='word_1_144' title='bbox 747 1827 847 1892; x_wconf 87' lang='lat' dir='ltr'>ceteri</span> <span class='ocrx_word' id='word_1_145' title='bbox 869 1830 1011 1912; x_wconf 87' lang='lat' dir='ltr'>pictores</span> <span class='ocrx_word' id='word_1_146' title='bbox 1035 1831 1117 1894; x_wconf 89' lang='lat' dir='ltr'>eius·</span> 
     </span>
     <span class='ocr_line' id='line_1_20' title="bbox 100 1915 1118 2000; baseline 0.005 -22"><span class='ocrx_word' id='word_1_147' title='bbox 100 1915 173 1980; x_wconf 90' lang='lat' dir='ltr'>dem</span> <span class='ocrx_word' id='word_1_148' title='bbox 204 1915 332 2000; x_wconf 84' lang='lat' dir='ltr'>generis</span> <span class='ocrx_word' id='word_1_149' title='bbox 364 1916 523 1981; x_wconf 89' lang='lat' dir='ltr'>loculatas</span> <span class='ocrx_word' id='word_1_150' title='bbox 556 1937 693 2000; x_wconf 83' lang='lat' dir='ltr'>magnas</span> <span class='ocrx_word' id='word_1_151' title='bbox 724 1917 849 1981; x_wconf 89' lang='lat' dir='ltr'>habent</span> <span class='ocrx_word' id='word_1_152' title='bbox 882 1919 1023 1996; x_wconf 87' lang='lat' dir='ltr'>arculas,</span> <span class='ocrx_word' id='word_1_153' title='bbox 1061 1920 1118 1983; x_wconf 95' lang='lat' dir='ltr'>ubi</span> 
     </span>
     <span class='ocr_line' id='line_1_21' title="bbox 101 2004 1154 2092; baseline 0.005 -26"><span class='ocrx_word' id='word_1_154' title='bbox 101 2004 275 2069; x_wconf 89' lang='lat' dir='ltr'>discolores</span> <span class='ocrx_word' id='word_1_155' title='bbox 300 2005 367 2069; x_wconf 90' lang='lat' dir='ltr'>sint</span> <span class='ocrx_word' id='word_1_156' title='bbox 389 2026 490 2089; x_wconf 89' lang='lat' dir='ltr'>carae,</span> <span class='ocrx_word' id='word_1_157' title='bbox 514 2006 561 2070; x_wconf 89' lang='lat' dir='ltr'>sic</span> <span class='ocrx_word' id='word_1_158' title='bbox 584 2004 619 2069; x_wconf 90' lang='lat' dir='ltr'>hi</span> <span class='ocrx_word' id='word_1_159' title='bbox 642 2006 801 2070; x_wconf 89' lang='lat' dir='ltr'>loculatas</span> <span class='ocrx_word' id='word_1_160' title='bbox 824 2005 947 2070; x_wconf 88' lang='lat' dir='ltr'>habent</span> <span class='ocrx_word' id='word_1_161' title='bbox 963 2007 1117 2092; x_wconf 88' lang='lat' dir='ltr'>piscinas,</span> <span class='ocrx_word' id='word_1_162' title='bbox 1131 2025 1154 2065; x_wconf 67' lang='grc' dir='ltr'><strong><em>ω</em></strong></span> 
     </span>
     <span class='ocr_line' id='line_1_22' title="bbox 100 2092 1117 2194; baseline 0.004 -38"><span class='ocrx_word' id='word_1_163' title='bbox 100 2092 158 2156; x_wconf 90' lang='lat' dir='ltr'>ubi</span> <span class='ocrx_word' id='word_1_164' title='bbox 187 2093 333 2194; x_wconf 88' lang='lat' dir='ltr'>dispares</span> <span class='ocrx_word' id='word_1_165' title='bbox 361 2093 518 2160; x_wconf 88' lang='lat' dir='ltr'>disclusos</span> <span class='ocrx_word' id='word_1_166' title='bbox 546 2094 669 2158; x_wconf 89' lang='lat' dir='ltr'>habent</span> <span class='ocrx_word' id='word_1_167' title='bbox 655 2095 819 2178; x_wconf 87' lang='lat' dir='ltr'>tpisces,</span> <span class='ocrx_word' id='word_1_168' title='bbox 854 2117 950 2179; x_wconf 87' lang='lat' dir='ltr'>quos,</span> <span class='ocrx_word' id='word_1_169' title='bbox 982 2096 1117 2178; x_wconf 91' lang='lat' dir='ltr'>proinde</span> 
     </span>
     <span class='ocr_line' id='line_1_23' title="bbox 101 2182 1117 2270; baseline 0.002 -24"><span class='ocrx_word' id='word_1_170' title='bbox 101 2184 138 2246; x_wconf 87' lang='lat' dir='ltr'>ut</span> <span class='ocrx_word' id='word_1_171' title='bbox 166 2182 250 2246; x_wconf 90' lang='lat' dir='ltr'>sacri</span> <span class='ocrx_word' id='word_1_172' title='bbox 279 2183 346 2247; x_wconf 89' lang='lat' dir='ltr'>sint</span> <span class='ocrx_word' id='word_1_173' title='bbox 373 2205 411 2247; x_wconf 87' lang='lat' dir='ltr'>ac</span> <span class='ocrx_word' id='word_1_174' title='bbox 435 2183 613 2248; x_wconf 90' lang='lat' dir='ltr'>sanctiores</span> <span class='ocrx_word' id='word_1_175' title='bbox 637 2205 734 2266; x_wconf 91' lang='lat' dir='ltr'>quam</span> <span class='ocrx_word' id='word_1_176' title='bbox 757 2182 867 2247; x_wconf 90' lang='lat' dir='ltr'>illim</span> <span class='ocrx_word' id='word_1_177' title='bbox 889 2183 1005 2267; x_wconf 85' lang='lat' dir='ltr'>Lydia,</span> <span class='ocrx_word' id='word_1_178' title='bbox 1036 2207 1117 2270; x_wconf 91' lang='lat' dir='ltr'>quos</span> 
     </span>
     <span class='ocr_line' id='line_1_24' title="bbox 102 2270 1119 2359; baseline 0.003 -25"><span class='ocrx_word' id='word_1_179' title='bbox 102 2270 340 2334; x_wconf 87' lang='lat' dir='ltr'>sacrificantit</span> <span class='ocrx_word' id='word_1_180' title='bbox 326 2271 401 2353; x_wconf 92' lang='lat' dir='ltr'>tibi,</span> <span class='ocrx_word' id='word_1_181' title='bbox 429 2270 550 2355; x_wconf 87' lang='lat' dir='ltr'>Varro,</span> <span class='ocrx_word' id='word_1_182' title='bbox 578 2271 619 2335; x_wconf 90' lang='lat' dir='ltr'>ad</span> <span class='ocrx_word' id='word_1_183' title='bbox 645 2272 812 2336; x_wconf 89' lang='lat' dir='ltr'>tibicinem</span> <span class='ocrx_word' id='word_1_184' title='bbox 842 2273 1023 2355; x_wconf 84' lang='lat' dir='ltr'>[graecum]</span> <span class='ocrx_word' id='word_1_185' title='bbox 1049 2295 1119 2359; x_wconf 86' lang='lat' dir='ltr'>gre·</span> 
     </span>
     <span class='ocr_line' id='line_1_25' title="bbox 102 2358 1118 2446; baseline 0.003 -24"><span class='ocrx_word' id='word_1_186' title='bbox 102 2362 160 2444; x_wconf 81' lang='lat' dir='ltr'>gat</span> <span class='ocrx_word' id='word_1_187' title='bbox 161 2358 207 2423; x_wconf 91' lang='lat' dir='ltr'>im</span> <span class='ocrx_word' id='word_1_188' title='bbox 231 2360 358 2423; x_wconf 88' lang='lat' dir='ltr'>venisse</span> <span class='ocrx_word' id='word_1_189' title='bbox 381 2360 509 2424; x_wconf 87' lang='lat' dir='ltr'>dicebas</span> <span class='ocrx_word' id='word_1_190' title='bbox 533 2360 575 2424; x_wconf 91' lang='lat' dir='ltr'>ad</span> <span class='ocrx_word' id='word_1_191' title='bbox 597 2364 776 2424; x_wconf 84' lang='lat' dir='ltr'>extremum</span> <span class='ocrx_word' id='word_1_192' title='bbox 799 2362 877 2425; x_wconf 87' lang='lat' dir='ltr'>litus</span> <span class='ocrx_word' id='word_1_193' title='bbox 900 2365 998 2444; x_wconf 84' lang='lat' dir='ltr'>atque</span> <span class='ocrx_word' id='word_1_194' title='bbox 1018 2384 1118 2446; x_wconf 89' lang='lat' dir='ltr'>aram,</span> 
     </span>
     <span class='ocr_line' id='line_1_26' title="bbox 101 2447 1152 2553; baseline 0.005 -43"><span class='ocrx_word' id='word_1_195' title='bbox 101 2447 187 2532; x_wconf 92' lang='lat' dir='ltr'>quod</span> <span class='ocrx_word' id='word_1_196' title='bbox 216 2469 271 2512; x_wconf 91' lang='lat' dir='ltr'>ecs</span> <span class='ocrx_word' id='word_1_197' title='bbox 300 2469 414 2531; x_wconf 89' lang='lat' dir='ltr'>capere</span> <span class='ocrx_word' id='word_1_198' title='bbox 442 2448 575 2513; x_wconf 89' lang='lat' dir='ltr'>auderet</span> <span class='ocrx_word' id='word_1_199' title='bbox 601 2470 710 2531; x_wconf 90' lang='lat' dir='ltr'>nemo,</span> <span class='ocrx_word' id='word_1_200' title='bbox 737 2471 810 2513; x_wconf 92' lang='lat' dir='ltr'>cum</span> <span class='ocrx_word' id='word_1_201' title='bbox 833 2449 948 2513; x_wconf 90' lang='lat' dir='ltr'>eodem</span> <span class='ocrx_word' id='word_1_202' title='bbox 970 2453 1152 2553; x_wconf 64' lang='lat' dir='ltr'>temporati</span> 
     </span>
     <span class='ocr_line' id='line_1_27' title="bbox 101 2536 1117 2623; baseline 0.004 -24"><span class='ocrx_word' id='word_1_203' title='bbox 101 2537 226 2601; x_wconf 88' lang='lat' dir='ltr'>insulas</span> <span class='ocrx_word' id='word_1_204' title='bbox 245 2536 409 2620; x_wconf 86' lang='lat' dir='ltr'>Lydorum</span> <span class='ocrx_word' id='word_1_205' title='bbox 427 2537 474 2602; x_wconf 92' lang='lat' dir='ltr'>ibi</span> <span class='ocrx_word' id='word_1_206' title='bbox 492 2537 695 2623; x_wconf 79' lang='grc' dir='ltr'><em>χορευούσας</em></span> <span class='ocrx_word' id='word_1_207' title='bbox 714 2538 903 2622; x_wconf 86' lang='lat' dir='ltr'>vidisses,</span> <span class='ocrx_word' id='word_1_208' title='bbox 877 2559 923 2603; x_wconf 88' lang='lat' dir='ltr'>a1c</span> <span class='ocrx_word' id='word_1_209' title='bbox 942 2537 1002 2602; x_wconf 88' lang='lat' dir='ltr'>hos</span> <span class='ocrx_word' id='word_1_210' title='bbox 1017 2540 1117 2620; x_wconf 91' lang='lat' dir='ltr'>piscis</span> 
     </span>
     <span class='ocr_line' id='line_1_28' title="bbox 71 2624 1118 2711; baseline 0 -20"><span class='ocrx_word' id='word_1_211' title='bbox 71 2624 196 2691; x_wconf 75' lang='lat' dir='ltr'>{inemo</span> <span class='ocrx_word' id='word_1_212' title='bbox 221 2646 317 2690; x_wconf 87' lang='lat' dir='ltr'>cocus</span> <span class='ocrx_word' id='word_1_213' title='bbox 340 2626 374 2691; x_wconf 90' lang='lat' dir='ltr'>in</span> <span class='ocrx_word' id='word_1_214' title='bbox 397 2627 447 2690; x_wconf 90' lang='lat' dir='ltr'>ius</span> <span class='ocrx_word' id='word_1_215' title='bbox 466 2648 582 2691; x_wconf 81' lang='lat' dir='ltr'>vocare</span> <span class='ocrx_word' id='word_1_216' title='bbox 606 2626 712 2691; x_wconf 84' lang='lat' dir='ltr'>audet.</span> <span class='ocrx_word' id='word_1_217' title='bbox 754 2626 893 2702; x_wconf 79' lang='lat' dir='ltr'>Quintus</span> <span class='ocrx_word' id='word_1_218' title='bbox 912 2625 1118 2711; x_wconf 86' lang='lat' dir='ltr'>Hortensius,</span> 
     </span>
    </p>
   </div>
   <div class='ocr_carea' id='block_1_3' title="bbox 100 2763 1118 3259">
    <p class='ocr_par' dir='ltr' id='par_1_3' title="bbox 100 2763 1118 3259">
     <span class='ocr_line' id='line_1_29' title="bbox 193 2763 1118 2834; baseline 0.003 -17"><span class='ocrx_word' id='word_1_219' title='bbox 193 2772 281 2818; x_wconf 91' lang='lat' dir='ltr'>lnon</span> <span class='ocrx_word' id='word_1_220' title='bbox 306 2781 356 2820; x_wconf 87' lang='lat' dir='ltr'>om.</span> <span class='ocrx_word' id='word_1_221' title='bbox 429 2769 445 2817; x_wconf 99' lang='grc'><strong>2</strong></span> <span class='ocrx_word' id='word_1_222' title='bbox 468 2764 621 2833; x_wconf 88' lang='lat' dir='ltr'>piscinibus</span> <span class='ocrx_word' id='word_1_223' title='bbox 648 2764 752 2818; x_wconf 89' lang='lat' dir='ltr'>nostris</span> <span class='ocrx_word' id='word_1_224' title='bbox 776 2763 903 2834; x_wconf 91' lang='lat' dir='ltr'>(piscinis</span> <span class='ocrx_word' id='word_1_225' title='bbox 926 2764 1029 2820; x_wconf 86' lang='lat' dir='ltr'>nostris</span> <span class='ocrx_word' id='word_1_226' title='bbox 1053 2764 1080 2818; x_wconf 88' lang='lat' dir='ltr'><strong><em>V</em></strong></span> <span class='ocrx_word' id='word_1_227' title='bbox 1094 2771 1118 2820; x_wconf 87' lang='lat' dir='ltr'>et</span> 
     </span>
     <span class='ocr_line' id='line_1_30' title="bbox 101 2835 1117 2917; baseline 0.001 -30"><span class='ocrx_word' id='word_1_228' title='bbox 101 2835 239 2889; x_wconf 71' lang='lat' dir='ltr'>manullo</span> <span class='ocrx_word' id='word_1_229' title='bbox 262 2836 438 2917; x_wconf 75' lang='lat' dir='ltr'>apoprapbu)</span> <span class='ocrx_word' id='word_1_230' title='bbox 518 2839 586 2890; x_wconf 87' lang='lat' dir='ltr'>4ut</span> <span class='ocrx_word' id='word_1_231' title='bbox 604 2852 706 2904; x_wconf 85' lang='lat' dir='ltr'>aquam</span> <span class='ocrx_word' id='word_1_232' title='bbox 725 2837 754 2890; x_wconf 89' lang='lat' dir='ltr'>et</span> <span class='ocrx_word' id='word_1_233' title='bbox 771 2836 895 2906; x_wconf 81' lang='lat' dir='ltr'>piscibus</span> <span class='ocrx_word' id='word_1_234' title='bbox 967 2836 1117 2905; x_wconf 78' lang='lat' dir='ltr'>omassip-</span> 
     </span>
     <span class='ocr_line' id='line_1_31' title="bbox 102 2905 1117 2976; baseline 0.001 -18"><span class='ocrx_word' id='word_1_235' title='bbox 102 2906 180 2975; x_wconf 91' lang='lat' dir='ltr'>pium</span> <span class='ocrx_word' id='word_1_236' title='bbox 253 2905 391 2960; x_wconf 77' lang='lat' dir='ltr'>Shirrius</span> <span class='ocrx_word' id='word_1_237' title='bbox 464 2908 618 2961; x_wconf 82' lang='lat' dir='ltr'>9scstaria</span> <span class='ocrx_word' id='word_1_238' title='bbox 683 2912 716 2960; x_wconf 83' lang='lat'>14</span> <span class='ocrx_word' id='word_1_239' title='bbox 734 2907 843 2976; x_wconf 90' lang='lat' dir='ltr'>piscina</span> <span class='ocrx_word' id='word_1_240' title='bbox 861 2924 895 2962; x_wconf 86' lang='lat' dir='ltr'>ao</span> <span class='ocrx_word' id='word_1_241' title='bbox 913 2906 1117 2962; x_wconf 87' lang='lat' dir='ltr'>mediterranea</span> 
     </span>
     <span class='ocr_line' id='line_1_32' title="bbox 100 2975 1117 3048; baseline 0.003 -19"><span class='ocrx_word' id='word_1_242' title='bbox 100 2975 216 3044; x_wconf 89' lang='lat' dir='ltr'>plebeia</span> <span class='ocrx_word' id='word_1_243' title='bbox 254 2982 286 3031; x_wconf 82' lang='lat'>15</span> <span class='ocrx_word' id='word_1_244' title='bbox 306 2976 397 3032; x_wconf 88' lang='lat' dir='ltr'>dulcis</span> <span class='ocrx_word' id='word_1_245' title='bbox 417 2978 447 3031; x_wconf 88' lang='lat' dir='ltr'>et</span> <span class='ocrx_word' id='word_1_246' title='bbox 464 2976 517 3031; x_wconf 83' lang='lat' dir='ltr'>illa</span> <span class='ocrx_word' id='word_1_247' title='bbox 530 2981 559 3032; x_wconf 89' lang='lat' dir='ltr'>et</span> <span class='ocrx_word' id='word_1_248' title='bbox 572 2977 623 3033; x_wconf 89' lang='lat' dir='ltr'>illa</span> <span class='ocrx_word' id='word_1_249' title='bbox 636 2994 732 3033; x_wconf 85' lang='lat' dir='ltr'>amara</span> <span class='ocrx_word' id='word_1_250' title='bbox 747 2979 847 3048; x_wconf 89' lang='lat' dir='ltr'>(dulcis</span> <span class='ocrx_word' id='word_1_251' title='bbox 862 2980 891 3031; x_wconf 90' lang='lat' dir='ltr'>et</span> <span class='ocrx_word' id='word_1_252' title='bbox 903 2977 955 3031; x_wconf 81' lang='lat' dir='ltr'>ille</span> <span class='ocrx_word' id='word_1_253' title='bbox 968 2993 1065 3032; x_wconf 85' lang='lat' dir='ltr'>amara</span> <span class='ocrx_word' id='word_1_254' title='bbox 1079 2979 1117 3046; x_wconf 87' lang='lat' dir='ltr'>V)</span> 
     </span>
     <span class='ocr_line' id='line_1_33' title="bbox 101 3047 1117 3119; baseline 0 -19"><span class='ocrx_word' id='word_1_255' title='bbox 101 3052 135 3101; x_wconf 92' lang='grc'>20</span> <span class='ocrx_word' id='word_1_256' title='bbox 162 3047 254 3119; x_wconf 86' lang='lat' dir='ltr'>cerae]</span> <span class='ocrx_word' id='word_1_257' title='bbox 282 3051 373 3103; x_wconf 88' lang='lat' dir='ltr'>cetera</span> <span class='ocrx_word' id='word_1_258' title='bbox 444 3048 491 3104; x_wconf 91' lang='lat' dir='ltr'>hic</span> <span class='ocrx_word' id='word_1_259' title='bbox 514 3049 651 3104; x_wconf 87' lang='lat' dir='ltr'>loculatas</span> <span class='ocrx_word' id='word_1_260' title='bbox 674 3049 760 3103; x_wconf 86' lang='lat' dir='ltr'>habet</span> <span class='ocrx_word' id='word_1_261' title='bbox 836 3055 870 3103; x_wconf 87' lang='grc'>23</span> <span class='ocrx_word' id='word_1_262' title='bbox 894 3049 1054 3102; x_wconf 86' lang='lat' dir='ltr'>sacrificant</span> <span class='ocrx_word' id='word_1_263' title='bbox 1078 3047 1117 3103; x_wconf 91' lang='lat' dir='ltr'>ibi</span> 
     </span>
     <span class='ocr_line' id='line_1_34' title="bbox 101 3118 1117 3190; baseline 0 -18"><span class='ocrx_word' id='word_1_264' title='bbox 101 3123 135 3172; x_wconf 87' lang='grc'>23</span> <span class='ocrx_word' id='word_1_265' title='bbox 155 3119 311 3174; x_wconf 79' lang='lat' dir='ltr'>tubicinum</span> <span class='ocrx_word' id='word_1_266' title='bbox 348 3123 383 3174; x_wconf 84' lang='grc'>24</span> <span class='ocrx_word' id='word_1_267' title='bbox 403 3120 494 3188; x_wconf 84' lang='lat' dir='ltr'>adque</span> <span class='ocrx_word' id='word_1_268' title='bbox 530 3118 952 3176; x_wconf 81' lang='lat' dir='ltr'>261udonorumibicoreusas</span> <span class='ocrx_word' id='word_1_269' title='bbox 989 3119 1055 3190; x_wconf 87' lang='lat' dir='ltr'>hos]</span> <span class='ocrx_word' id='word_1_270' title='bbox 1068 3136 1117 3174; x_wconf 87' lang='lat' dir='ltr'>nos</span> 
     </span>
     <span class='ocr_line' id='line_1_35' title="bbox 101 3190 446 3259; baseline 0 -16"><span class='ocrx_word' id='word_1_271' title='bbox 101 3195 135 3244; x_wconf 78' lang='grc'>27</span> <span class='ocrx_word' id='word_1_272' title='bbox 154 3191 314 3245; x_wconf 86' lang='lat' dir='ltr'>hortensius</span> <span class='ocrx_word' id='word_1_273' title='bbox 332 3190 446 3259; x_wconf 84' lang='lat' dir='ltr'>quintus</span> 
     </span>
    </p>
   </div>
   <div class='ocr_carea' id='block_1_4' title="bbox 54 3313 1144 3611">
    <p class='ocr_par' dir='ltr' id='par_1_4' title="bbox 54 3313 1144 3611">
     <span class='ocr_line' id='line_1_36' title="bbox 192 3313 1118 3383; baseline 0.001 -16"><span class='ocrx_word' id='word_1_274' title='bbox 192 3320 205 3367; x_wconf 92' lang='lat'>1</span> <span class='ocrx_word' id='word_1_275' title='bbox 226 3331 282 3369; x_wconf 90' lang='lat' dir='ltr'>non</span> <span class='ocrx_word' id='word_1_276' title='bbox 301 3315 361 3369; x_wconf 89' lang='lat' dir='ltr'>sine</span> <span class='ocrx_word' id='word_1_277' title='bbox 380 3313 474 3368; x_wconf 84' lang='lat' dir='ltr'>fructu</span> <span class='ocrx_word' id='word_1_278' title='bbox 495 3313 631 3369; x_wconf 61' lang='lat' dir='ltr'>(decamus</span> <span class='ocrx_word' id='word_1_279' title='bbox 695 3321 727 3369; x_wconf 83' lang='grc'>19</span> <span class='ocrx_word' id='word_1_280' title='bbox 746 3330 863 3383; x_wconf 81' lang='lat' dir='ltr'>magnas</span> <span class='ocrx_word' id='word_1_281' title='bbox 882 3315 978 3369; x_wconf 78' lang='lat' dir='ltr'>delevit</span> <span class='ocrx_word' id='word_1_282' title='bbox 1002 3313 1118 3369; x_wconf 71' lang='lat' dir='ltr'>Ursinus</span> 
     </span>
     <span class='ocr_line' id='line_1_37' title="bbox 86 3384 1119 3446; baseline 0.002 -10"><span class='ocrx_word' id='word_1_283' title='bbox 86 3390 125 3436; x_wconf 75' lang='lat'>20</span> <span class='ocrx_word' id='word_1_284' title='bbox 143 3401 228 3440; x_wconf 74' lang='lat' dir='ltr'>cerae</span> <span class='ocrx_word' id='word_1_285' title='bbox 256 3387 398 3446; x_wconf 67' lang='lat' dir='ltr'>Victorius</span> <span class='ocrx_word' id='word_1_286' title='bbox 471 3385 503 3442; x_wconf 85' lang='lat' dir='ltr'>hi</span> <span class='ocrx_word' id='word_1_287' title='bbox 518 3384 660 3443; x_wconf 84' lang='lat' dir='ltr'>loculatas</span> <span class='ocrx_word' id='word_1_288' title='bbox 681 3386 823 3440; x_wconf 81' lang='lat' dir='ltr'>babento</span> <span class='ocrx_word' id='word_1_289' title='bbox 895 3391 929 3439; x_wconf 87' lang='grc'>23</span> <span class='ocrx_word' id='word_1_290' title='bbox 950 3385 1119 3439; x_wconf 79' lang='lat' dir='ltr'>sacrificanti</span> 
     </span>
     <span class='ocr_line' id='line_1_38' title="bbox 73 3452 1124 3522; baseline 0.003 -18"><span class='ocrx_word' id='word_1_291' title='bbox 73 3452 133 3506; x_wconf 76' lang='lat' dir='ltr'>tibi</span> <span class='ocrx_word' id='word_1_292' title='bbox 149 3458 313 3518; x_wconf 68' lang='lat' dir='ltr'>lucendus</span> <span class='ocrx_word' id='word_1_293' title='bbox 384 3461 539 3519; x_wconf 89' lang='lat' dir='ltr'>tibicinem</span> <span class='ocrx_word' id='word_1_294' title='bbox 561 3460 713 3518; x_wconf 74' lang='lat' dir='ltr'>Iucundos</span> <span class='ocrx_word' id='word_1_295' title='bbox 773 3461 811 3509; x_wconf 68' lang='grc'>21)</span> <span class='ocrx_word' id='word_1_296' title='bbox 823 3455 969 3522; x_wconf 56' lang='lat' dir='ltr'>indorum</span> <span class='ocrx_word' id='word_1_297' title='bbox 982 3456 1124 3508; x_wconf 61' lang='lat' dir='ltr'>Tarracon</span> 
     </span>
     <span class='ocr_line' id='line_1_39' title="bbox 54 3522 1144 3611; baseline -0.012 -27"><span class='ocrx_word' id='word_1_298' title='bbox 54 3523 173 3583; x_wconf 67' lang='lat' dir='ltr'>advers</span> <span class='ocrx_word' id='word_1_299' title='bbox 196 3536 270 3602; x_wconf 72' lang='lat'>4,6</span> <span class='ocrx_word' id='word_1_300' title='bbox 336 3536 397 3595; x_wconf 68' lang='lat' dir='ltr'>hog</span> <span class='ocrx_word' id='word_1_301' title='bbox 416 3536 549 3611; x_wconf 68' lang='lat' dir='ltr'>piscigv</span> <span class='ocrx_word' id='word_1_302' title='bbox 606 3539 644 3590; x_wconf 68' lang='lat'>2⁵1</span> <span class='ocrx_word' id='word_1_303' title='bbox 668 3529 795 3598; x_wconf 67' lang='lat' dir='ltr'>Quintus</span> <span class='ocrx_word' id='word_1_304' title='bbox 808 3523 983 3578; x_wconf 51' lang='lat' dir='ltr'>Hortensius</span> <span class='ocrx_word' id='word_1_305' title='bbox 998 3522 1144 3573; x_wconf 53' lang='lat' dir='ltr'>tusaredus</span> 
     </span>
    </p>
   </div>
   <div class='ocr_carea' id='block_1_5' title="bbox 0 0 1200 3742">
    <p class='ocr_par' dir='ltr' id='par_1_5' title="bbox 0 0 1200 3742">
     <span class='ocr_line' id='line_1_40' title="bbox 0 0 1200 3742; baseline 0 0"><span class='ocrx_word' id='word_1_306' title='bbox 0 0 1200 3742; x_wconf 95' lang='lat' dir='ltr'> </span> 
     </span>
    </p>
   </div>
  </div>
 </body>
</html>
