2386 3742
302 179 434 235 RERVM
451 177 692 234 RVSTICARVM
709 177 776 234 LlB.
795 177 835 231 III
855 184 888 234 17
1035 176 1098 244 165

83 325 254 391 familiaris
274 328 392 405 noster,
415 347 487 388 cum
505 323 648 408 piscinas
670 324 806 388 haberet
824 345 946 411 magna
965 326 1099 409 pecunia

83 415 271 479 aedificatas
305 414 344 477 ad
372 413 505 497 Baulos,
537 414 585 477 ita
616 434 713 498 saepe
745 435 818 478 cum
846 435 884 478 eo
918 414 956 477 ad
985 414 1099 478 villam

83 504 147 586 fui,
174 503 325 567 utillum
350 503 450 566 sciam
475 523 602 584 semper
624 502 659 564 in
682 523 795 566 cenam
818 503 922 586 pisces
946 501 1098 568 Puteolos

83 594 212 657 mittere
240 595 384 675 emptum
413 590 555 655 solitum.
600 613 704 674 neque
733 591 812 655 satis
840 596 910 656 erat
938 613 1012 656 eum
1034 601 1129 658 nont

54 681 175 765 spasci
198 702 215 744 e
238 680 381 765 piscinis,
405 679 469 743 nisi
492 680 591 744 etiam
614 679 684 763 ipse
708 701 762 745 eos
786 684 934 765 pasceret
952 682 1038 746 ultro
1061 704 1099 746 ao

84 770 242 834 maiorem
270 791 379 833 curam
404 768 467 832 sibi
489 769 638 853 haberet,
664 789 705 831 ne
729 767 797 832 eius
822 769 982 834 esurirent
1005 770 1099 835 mulli

85 859 211 941 [asini],
240 880 336 941 quam
364 877 425 942 ego
452 857 572 942 habco,
599 879 641 921 ne
668 858 733 921 mei
760 857 794 920 iu
818 857 924 923 Rosea
954 859 1100 924 esuriant

84 947 170 1011 asini
177 997 186 1030 ,
213 950 246 1011 et
269 947 396 1030 quidem
419 950 557 1030 utraque
580 968 628 1030 re,
653 949 685 1010 et
708 947 779 1011 cibo
804 950 837 1011 et
859 947 1002 1029 potione,
1026 970 1099 1012 oum

84 1058 151 1100 non
171 1035 267 1118 paulo
288 1036 520 1119 sumptuosius,
539 1057 635 1119 quam
654 1054 724 1120 ego,
747 1035 950 1101 ministraret
968 1037 1099 1101 victum.

41 1145 69 1185 ro
85 1145 146 1206 ego
176 1124 263 1188 enim
291 1145 356 1188 uno
384 1124 529 1208 servulo,
556 1124 677 1189 hordeo
700 1146 766 1189 non
788 1125 907 1209 multo,
935 1148 1020 1209 aqua
1043 1126 1099 1191 do-

84 1212 220 1277 mestica
252 1233 341 1277 meos
373 1212 620 1296 multinummos
654 1214 706 1277 alo
739 1217 861 1279 asinos:
904 1213 1099 1279 Hortensius

84 1301 225 1385 primum
244 1303 299 1386 qui
317 1300 543 1365 ministrarent
558 1302 737 1384 piscatores
756 1303 900 1367 habebat
919 1304 1099 1387 conplures,

84 1395 117 1454 et
141 1389 170 1453 ei
194 1389 364 1472 pisciculos
388 1392 532 1454 minutos
557 1390 754 1474 adgerebant
776 1391 977 1476 frequenter,
1001 1393 1056 1475 qui
1079 1414 1100 1456 u

84 1478 262 1543 maioribus
286 1479 541 1545 absumerentur.
581 1481 749 1562 practerea
773 1480 1042 1544 salsamentorum
1066 1482 1129 1547 int

42 1587 69 1628 1⁵
84 1589 139 1631 eas
163 1567 306 1651 piscinas
330 1572 475 1651 amptum
499 1569 667 1651 coiciebat,
689 1589 762 1632 cum
785 1590 874 1632 mare
896 1569 1044 1634 turbaret
1063 1591 1100 1634 ac

83 1678 141 1739 per
169 1659 397 1739 tempestatem
424 1657 596 1720 macellum
625 1657 823 1739 piscinarum
854 1659 970 1738 [mare]
1005 1659 1098 1723 obso-

83 1746 175 1808 nium
211 1744 382 1828 praeberet
422 1767 525 1828 ncque
562 1745 739 1811 everriculo
779 1747 813 1810 in
850 1747 928 1810 litus
967 1747 1100 1812 educere

84 1837 221 1916 possent
246 1833 355 1897 rivam
384 1834 545 1918 saginam,
569 1835 714 1916 plebeiae
738 1856 835 1900 cenae
858 1834 965 1919 piscis.
1012 1834 1099 1900 Cele-

83 1922 152 1985 rius
185 1921 351 1986 voluntate
381 1921 538 1986 Hortensi
569 1944 607 1988 ex
641 1922 739 2008 equili
768 1924 918 1988 educeres
945 1923 1100 2006 redarias,

45 2029 69 2070 20
84 2015 122 2073 ut
153 2010 214 2074 tibi
246 2011 398 2094 haberes,
430 2012 552 2095 mulas,
590 2033 687 2095 quam
720 2025 750 2077 e¹
769 2013 896 2096 piscina
928 2013 1100 2077 barbatum

84 2098 231 2162 mullum.
269 2098 386 2183 Atque,
410 2099 462 2162 ille
480 2100 596 2184 inquit,
619 2122 685 2165 non
709 2100 816 2166 minor
838 2123 916 2165 cura
939 2106 1009 2165 crat
1031 2103 1129 2166 ciust

85 2188 124 2250 de
144 2188 286 2272 aegrotis
305 2188 458 2270 piscibus,
481 2210 579 2273 quam
598 2189 636 2253 de
655 2189 763 2254 minus
781 2190 965 2255 valentibus
989 2191 1100 2255 servis.

83 2276 195 2358 itaque
218 2277 324 2341 minus
347 2277 521 2342 laborabat
543 2300 583 2342 ne
607 2300 717 2345 servos
743 2299 839 2363 aeger
862 2301 981 2363 aquam
1008 2279 1100 2364 frigi-

85 2364 170 2447 dam,
188 2385 283 2446 quuru
296 2370 331 2429 ut
344 2386 412 2429 eum
430 2371 591 2431 recentem
610 2367 758 2432 biberent
772 2368 823 2431 sui
836 2368 952 2450 pisces.
982 2369 1100 2431 etenim

42 2473 68 2515 as
83 2452 147 2516 hac
174 2453 298 2517 incuria
327 2454 475 2519 laborare
504 2455 614 2521 aicbat
635 2455 678 2522 M.
697 2455 869 2520 Lucullum
900 2478 937 2520 ac
960 2457 1099 2539 piscinas

84 2541 154 2605 eius
183 2541 396 2624 despiciebat,
424 2543 508 2626 quod
537 2544 699 2608 aestuaria
725 2545 846 2609 idonea
868 2566 933 2609 non
955 2545 1100 2629 haberet,

84 2651 122 2693 ac
146 2629 249 2693 reside
273 2652 358 2714 aqua
382 2631 415 2694 in
438 2630 519 2696 locis
543 2632 769 2715 pestilentibus
788 2633 977 2697 habitarent
994 2635 1099 2716 pisces

84 2718 166 2782 eius:
206 2724 321 2783 contra
348 2719 388 2782 ad
416 2717 590 2804 Neapolim
613 2720 648 2788 L.
672 2720 855 2804 Lucullum,
887 2726 1129 2806 posteaquam9

84 2806 279 2890 perfodisset
305 2813 450 2872 montem
478 2830 515 2874 ac
545 2811 753 2875 maritumum
780 2810 901 2875 fiumen
922 2811 1101 2875 inmisisset

175 3001 353 3070 bpasceret]
378 3017 493 3070 pascere
570 3001 680 3055 umuli
760 3008 793 3056 11
817 3002 901 3056 multi
924 3002 1099 3056 numinosalo

86 3076 119 3124 13
139 3085 157 3121 a
174 3086 224 3123 om.
291 3077 323 3124 17
343 3072 483 3126 euericulo
549 3076 581 3125 18
600 3073 727 3127 sabinam
789 3080 822 3128 21
842 3073 974 3144 mullum]
992 3072 1100 3126 mulum

84 3139 236 3209 alioquid
282 3147 316 3194 23
334 3141 467 3209 frigidam
481 3148 622 3197 recentem
663 3148 697 3198 at
717 3144 782 3215 hac]
801 3162 835 3200 ac
879 3143 1100 3213 1391111111-

84 3209 153 3265 culli
225 3213 429 3266 1616111111111
496 3218 531 3268 28
549 3213 647 3268 luculli

175 3396 190 3444 ὅ
215 3391 383 3459 pascereto
464 3397 480 3445 6
509 3390 646 3446 esurirent
668 3391 751 3446 mulli
773 3409 861 3461 quam
882 3409 936 3460 cgc
959 3394 1109 3446 Iucundos

84 3467 116 3513 11
137 3461 219 3514 multi
236 3477 367 3515 nummos
386 3461 468 3520 aloc
525 3468 559 3518 13
578 3481 598 3519 a
614 3463 778 3520 maioribus
792 3482 810 3518 u
864 3467 906 3515 11
922 3457 1134 3533 campumm-

74 3530 184 3584 cundus
255 3534 409 3592 alt-aiebat
427 3536 468 3593 M.
487 3535 672 3596 Luculumo
748 3541 790 3592 ‘ab
808 3529 969 3590 aestuaris.
982 3527 1121 3580 ussssus
