2386 3742
130 142 174 206 24
515 39 732 198 ΙᾈῃΟΝΙΕ

130 285 233 353 valde.
278 285 420 370 primum
448 303 550 370 genus
581 285 665 370 quod
690 281 756 350 dixi
779 276 920 350 maxime
942 277 1075 370 quaerit
1098 297 1163 351 sad

129 377 217 457 licta,
241 370 415 438 secundum
437 374 661 458 harundineta,
686 375 819 440 tertium
842 375 972 439 iuhceta
995 377 1145 440 aut'eius

132 464 260 550 generis
283 485 352 528 rem
376 463 532 547 aliquam,
561 467 714 547 quartum
738 464 885 548 arbusta,
915 464 971 528 ubi
994 463 1146 530 traduces

131 552 260 637 possint
286 552 357 616 fieri
383 551 513 632 vitium,
541 556 578 615 ut
601 552 860 618 Mediolanenses
888 552 1013 617 faciunt
1035 552 1073 617 in
1097 575 1146 618 ar·

132 641 280 725 boribus,
312 663 392 726 quas
424 644 543 706 vocant
575 641 701 724 opulos‚
735 638 890 706 Canusini
917 643 952 706 in
979 643 1001 721 's
1028 640 1176 706 hardu-s

101 730 254 800 clatione
282 729 316 793 in
346 729 425 794 ficis.
470 729 699 812 pedamentum
722 729 801 794 item
824 731 891 794 fere
914 733 1073 815 quattuor
1097 751 1148 815 ge·

133 840 260 884 nerum:
289 840 390 882 unum
413 818 599 898 robustum,
623 818 709 902 quod
733 819 893 902 optimum
917 819 1001 884 solet
1026 819 1147 883 adferri

132 909 168 972 in
197 909 327 972 vineam
360 928 377 970 e
409 928 527 990 querco
560 928 598 971 ac
629 907 771 990 iunipiro
804 910 837 972 et
864 911 999 972 vocatur
1029 907 1148 972 ridica:

134 998 270 1062 alterurn
295 996 388 1078 palus
412 1017 428 1058 e
451 997 584 1083 pertica,
607 996 739 1059 meliore
759 995 847 1079 dura,
870 1017 933 1078 quo
952 996 1149 1077 diuturnior;

134 1107 231 1169 quem
255 1106 327 1148 cunr
350 1083 498 1148 infimum
521 1086 609 1148 terra
632 1084 740 1167 solvit,
763 1087 858 1167 puter
880 1084 1035 1148 evertitur
1060 1090 1095 1149 et
1113 1085 1150 1148 fit
1172 1120 1173 1131 κ

135 1173 241 1237 solum
260 1195 438 1237 summum:
456 1173 598 1256 tertium,
617 1172 703 1256 quod
721 1172 838 1237 horum
857 1173 987 1256 inopiae
1002 1172 1150 1239 subsidio

135 1261 225 1325 misit
260 1261 519 1325 harundinetum.
574 1261 649 1325 inde
687 1261 774 1325 enim
812 1261 936 1344 aliquot
968 1262 1150 1346 conligatus

135 1350 228 1414 libris
258 1349 434 1413 demittunt
461 1349 496 1413 in
522 1350 654 1414 tubulos
682 1350 797 1414 fictiles
829 1351 929 1431 [cum]
954 1349 1054 1414 fundo
1079 1371 1151 1434 per-

135 1442 238 1520 tusos,
262 1460 342 1522 quas
367 1437 514 1521 cuspides
539 1438 721 1522 appellant,
745 1459 809 1521 qua
830 1460 924 1509 umor
948 1438 1151 1503 adventicius

136 1528 274 1592 transire
306 1527 421 1611 possit.
476 1531 626 1611 quartum
659 1530 709 1605 est
740 1527 969 1610 pedamentum
1000 1527 1152 1592 nativum
1180 1561 1181 1566 1

137 1616 206 1680 eius
240 1614 381 1699 generis,
412 1614 469 1679 ubi
503 1636 541 1679 ex
569 1614 740 1679 arboribus
767 1615 802 1678 in
830 1615 963 1679 arbores
990 1615 1151 1680 traductis

137 1705 257 1769 vitibus
286 1704 381 1768 vinea
408 1704 459 1787 fit,
488 1725 568 1786 quos
596 1703 746 1767 traduces
775 1703 906 1787 quidam
933 1725 1068 1786 rumpos
1099 1726 1152 1789 ap-

108 1805 126 1862 5
138 1792 271 1876 pellant.
316 1792 428 1855 vineae
456 1791 636 1856 altitudinis
664 1792 777 1857 modus
805 1791 976 1876 longitudo
999 1791 1154 1878 hominis,

137 1881 311 1946 intervalla
333 1880 610 1964 pedamentum,
633 1902 696 1964 qua
719 1880 818 1945 boves
841 1880 944 1945 iuncti
967 1901 1060 1944 arare
1079 1903 1153 1966 pos·

139 1971 213 2036 sint.
270 1992 308 2035 ea
339 1969 447 2033 minus
482 1971 673 2055 sumptuosa
705 1969 815 2047 vinea,
854 1989 935 2053 quae
968 1968 1037 2032 sine
1076 1971 1184 2055 iugo

139 2059 306 2123 ministrat
320 2057 535 2141 acratophoro
549 2059 669 2122 vinum.
696 2057 793 2121 huius
808 2078 928 2141 genera
945 2058 1021 2121 duo:
1041 2079 1161 2142 unum,

138 2147 174 2211 in
197 2168 260 2231 quo
288 2150 377 2209 terra
401 2146 519 2211 cubilia
542 2148 677 2229 praebet
699 2146 785 2228 uvis,
813 2149 852 2209 ut
880 2146 913 2210 in
937 2145 1017 2210 Asia
1040 2147 1154 2211 multis

76 2304 80 2310 Α
140 2235 229 2316 locis,
253 2255 334 2319 quae
358 2255 453 2318 saepe
476 2234 628 2318 vulpibus
648 2236 681 2298 et
699 2234 886 2299 hominibus
904 2233 943 2298 fit
961 2236 1155 2300 communis.

140 2345 292 2388 necnon
321 2323 348 2386 si
377 2323 464 2406 parit
491 2323 608 2387 humus
637 2345 758 2406 mures,
786 2323 894 2387 minor
921 2322 960 2385 fit
981 2322 1156 2407 vindemia,

140 2412 205 2476 nisi
231 2415 318 2476 totas
346 2411 455 2475 vineas
480 2412 620 2495 oppleris
644 2412 847 2494 muscipulis,
876 2410 961 2494 quod
989 2411 1023 2475 in
1046 2411 1177 2476 insula

111 2500 335 2570 6Pandateria
353 2500 485 2564 faciunt.
513 2501 652 2564 alterum
671 2520 773 2584 genus
792 2500 901 2583 vineti,
925 2498 980 2563 ubi
1000 2520 1038 2563 ea
1057 2501 1156 2566 modo

141 2592 359 2654 removetura
378 2592 466 2652 terra
484 2588 569 2672 vitis,
589 2610 670 2671 quae
690 2588 833 2652 ostendit
852 2610 885 2652 se
905 2587 1030 2651 adferre
1049 2610 1157 2654 uvam.

142 2679 202 2743 sub
226 2699 310 2761 eam,
342 2677 399 2742 ubi
421 2678 566 2741 nascitur
587 2698 660 2758 uva,
688 2677 889 2741 subiciuntur
912 2676 1042 2740 circiter
1067 2668 1159 2762 bipe-¹

142 2766 230 2831 dales
259 2788 275 2829 e
304 2765 438 2830 surculis
466 2764 626 2849 furcillae,
653 2786 694 2829 nc
722 2765 885 2831 vindemia
907 2764 994 2829 facta
1017 2764 1159 2850 deniqne

142 2855 245 2921 discat
267 2854 405 2938 pendere
428 2854 462 2917 in
484 2855 594 2938 palma
612 2857 669 2918 aut
687 2854 830 2918 funiculo
851 2856 908 2918 aut
926 2852 1045 2936 vinctu,
1070 2855 1159 2939 quod

143 2945 269 3027 antiqui
292 2943 455 3007 vocabant
477 2946 610 3007 cestum.
647 2943 694 3006 ibi
717 2943 867 3007 dominus
892 2942 989 3007 simul
1014 2965 1052 3008 ac
1075 2945 1161 3009 vidit

143 3032 330 3115 occipitium
354 3030 609 3115 vindemiatoris,
631 3030 778 3097 furcillae
802 3031 927 3096 reducit
947 3031 1169 3109 hibernatum,

233 3248 266 3296 10
295 3240 393 3313 solvit]
422 3240 513 3303 uoluit
627 3246 659 3294 12
688 3239 803 3308 aliquod
918 3243 952 3292 14
980 3239 1064 3310 quas]
1089 3258 1162 3310 quos

144 3321 179 3369 26
198 3312 281 3367 uinit‘
302 3312 402 3382 (uincti
420 3314 526 3385 opopa)

210 3497 251 3544 10
266 3492 360 3551 solvit
376 3493 524 3554 &canorus
573 3498 609 3548 13
622 3489 729 3546 fictiles
740 3487 969 3555 roscemannus
978 3485 1169 3553 deoechaus
