2386 3742
89 110 132 174 88
509 108 693 166 VARRONIS

91 255 198 319 insula
216 254 313 319 Melia
338 277 451 338 capras
474 255 625 338 habeant,
649 255 733 339 quod
757 253 803 318 ibi
822 254 956 318 maximi
976 276 1016 320 ao
1033 255 1094 338 pul-

59 343 243 411 bcherrimi
266 344 492 425 existimantur
514 344 585 407 fieri
608 343 712 408 haedi.
755 344 794 407 dc
818 343 984 426 emptione
1009 344 1094 408 aliter

91 433 162 497 dico
178 436 274 515 atque
289 433 335 513 fit,
350 433 435 516 quod
451 453 565 515 capras
580 454 675 496 sanas
695 453 794 496 sanus
813 453 908 496 nemo
927 433 1095 514 promittit.

89 542 267 605 numquam
302 522 388 585 enim
422 522 490 586 sine
518 522 601 586 febri
630 524 713 585 sunt.
766 521 874 605 itaque
903 521 1095 603 stipulantur

53 615 61 628 '
90 609 203 693 paucis
226 609 368 692 exceptis
392 611 514 692 verbis,
543 632 581 674 ac
604 609 758 674 Manilius
781 611 938 693 scriptum
969 609 1097 696 reliquit
1116 625 1125 668 e

91 699 146 781 sio,
176 697 296 763 ‘illesos
326 720 440 781 capras
468 699 565 763 hodie
592 703 678 763 recte
706 720 776 762 esse
805 703 838 763 et
865 699 976 762 bibere
1006 719 1098 781 posse

88 787 272 870 habereque
303 792 378 852 recte
404 787 513 869 licere,
545 787 625 851 hacc
654 785 878 871 spondesnel'.
916 786 955 850 de
985 787 1098 871 quibus

92 875 316 940 admirandum
339 876 421 956 illut,
446 876 530 959 quod
555 875 654 939 etiam
677 876 856 940 Archelaus
880 875 1010 940 scribit:
1038 896 1099 940 non

90 969 128 1028 ut
151 965 274 1047 reliqua
298 965 453 1028 animalia
475 964 617 1045 naribus,
641 965 696 1028 sed
721 965 852 1028 auribus
876 965 1028 1046 spiritum
1048 964 1099 1029 du·

90 1075 161 1118 cere
185 1053 288 1117 solere
311 1056 460 1135 pastores
484 1053 675 1117 curiosiores
699 1053 824 1137 aliquot
846 1052 968 1116 dicunt.
1109 1069 1127 1110 ro

60 1151 78 1208 6
179 1140 228 1204 De
252 1141 362 1205 alteris
387 1143 541 1223 quattuor
563 1141 649 1225 quod
672 1147 721 1206 est
744 1142 783 1204 de
806 1146 912 1224 pastu,
934 1141 999 1206 hoc
1022 1141 1100 1206 dice.

90 1229 274 1294 stabulatur
291 1251 388 1312 pecus
408 1229 531 1312 melius,
550 1229 589 1293 ad
608 1230 761 1294 hibernos
780 1233 908 1294 exortos
924 1229 952 1294 si
968 1234 1100 1313 spectat,

90 1318 174 1402 quod
200 1321 249 1381 est
276 1317 448 1382 alsiosum..
485 1318 527 1400 id,
552 1322 589 1382 ut
612 1319 782 1402 pleraque,
806 1318 912 1400 lapide
936 1322 995 1382 aut
1016 1322 1101 1382 testa

90 1407 254 1471 substerni
282 1410 424 1490 oportet,
455 1407 576 1490 caprile
607 1429 671 1490 quo
699 1407 806 1471 minus
835 1407 878 1470 sit
900 1407 1100 1492 uliginosum

90 1518 128 1560 ac
151 1497 357 1560 lutulentum.
402 1494 482 1559 foris
506 1517 579 1559 cum
604 1499 654 1559 est
675 1495 942 1579 pernoctandum,
966 1498 1046 1560 item
1069 1496 1102 1559 in
1111 1509 1130 1552 1⁶

89 1585 222 1649 eandem
259 1591 384 1667 partem
418 1584 499 1648 caeli
533 1606 613 1668 quae
648 1588 796 1667 spectent
827 1588 941 1666 saepta
974 1586 1101 1668 oportet

90 1673 254 1737 substerni
281 1671 446 1757 virgultis,
475 1694 517 1735 ne
548 1673 744 1737 oblinantur.
788 1694 854 1737 non
878 1672 984 1737 multo
1008 1672 1102 1737 aliter

87 1762 244 1850 tuendum
272 1762 333 1825 hoc
360 1782 458 1842 pecus
486 1760 520 1825 in
547 1764 644 1845 pastu
675 1764 771 1844 atque
803 1761 953 1839 ovillum,
990 1761 1099 1845 [quod]

60 1854 202 1917 ttamen
223 1849 347 1913 habent
369 1871 428 1912 sua
450 1851 582 1932 propria
606 1850 778 1933 quaedam,
805 1849 889 1933 quod
912 1851 1024 1932 potius
1049 1850 1098 1913 sil·

89 1940 251 2004 vestribus
280 1938 417 2002 saltibus
445 1938 643 2002 delectantur
670 1960 766 2023 quam
794 1939 905 2021 pratis.
959 1938 1132 2002 studioses

90 2029 176 2092 enim
212 2028 251 2090 dc
292 2026 474 2112 agrestibus
511 2027 682 2091 fruticibus
715 2032 892 2111 pascuntur
928 2031 1027 2109 atque
1069 2027 1101 2090 in

89 2117 170 2181 locis
191 2116 285 2180 cultis
305 2115 448 2197 virgulta
466 2120 610 2199 carpunt.
639 2116 748 2198 itaque
768 2137 787 2178 a
805 2115 966 2199 carpendo
986 2134 1101 2199 caprae

89 2205 284 2268 nominatae.
338 2203 379 2266 ab
410 2203 471 2267 hoc
504 2204 537 2266 in
567 2204 640 2288 lege
672 2204 845 2268 locationis
875 2202 968 2267 fundi
998 2203 1101 2287 excipi

91 2294 183 2375 solet,
202 2313 242 2354 ne
262 2292 394 2355 colonus
414 2313 511 2374 capra
529 2297 642 2357 natum
660 2292 694 2355 in
713 2292 812 2356 fundo
832 2295 952 2375 pascat.
984 2291 1101 2357 harum

89 2382 178 2446 enim
202 2380 313 2444 dentes
336 2379 460 2444 inimici
482 2381 627 2460 sationis,
651 2402 731 2464 quas
756 2381 853 2446 etiam
877 2381 1039 2464 astrologi
1056 2382 1134 2445 itae

89 2474 281 2553 receperunt
303 2470 338 2533 in
361 2470 495 2551 caelum,
518 2473 554 2532 ut
578 2473 669 2532 extra
687 2469 829 2533 lembum
849 2469 1018 2532 duodecim
1039 2470 1102 2555 sig-

89 2582 207 2624 norum
231 2558 439 2622 excluserint:
465 2561 541 2621 sunt
559 2557 622 2621 duo
640 2556 735 2620 haedi
755 2560 787 2620 et
806 2578 903 2640 capra
919 2579 985 2622 non
1003 2559 1102 2643 longe

181 2739 194 2786 1
214 2732 307 2786 media
362 2738 391 2798 λ3
411 2732 501 2799 adque
520 2730 569 2784 fiet
633 2735 648 2784 5
668 2728 829 2785 mamilibus
848 2729 1011 2799 (manilibus
1033 2731 1103 2800 Pol,

91 2804 251 2858 mamilibus
278 2803 404 2871 plurima
431 2802 602 2870 cpcprupha)
675 2807 690 2854 6
718 2801 782 2854 illas
810 2816 908 2870 capras
981 2807 996 2855 '1
1027 2803 1103 2857 recte

89 2881 153 2930 calc
175 2873 261 2927 licere
284 2889 334 2927 om.
407 2879 422 2926 9
449 2870 571 2926 sitriturn
650 2877 682 2924 10
706 2870 822 2939 aliquod
904 2876 936 2926 17
961 2873 1104 2928 substerni

90 2943 223 3015 uirgultis
252 2943 465 3011 (substernimus
492 2941 579 3010 gultis
597 2943 723 3011 plurima
745 2944 914 3012 cpcprcpbc.
951 2944 1104 2998 substerni-

89 3034 151 3070 mus
171 3014 257 3084 gultis
272 3032 340 3069 corr.
367 3014 505 3069 substerni
519 3011 651 3081 uirgultis
666 3015 698 3067 in
716 3015 862 3083 archetypo
879 3014 965 3081 fcisse
982 3016 1104 3084 videtur)

89 3094 123 3141 21
149 3085 298 3140 fruticibus
325 3084 499 3155 (fructicibus
520 3085 647 3154 plurima
678 3085 849 3154 cpopraphc)
1011 3087 1105 3154 adque

89 3165 124 3212 24
143 3174 255 3226 capram
274 3158 371 3209 natum
391 3158 486 3225 (capra
504 3158 602 3209 natum
625 3155 664 3223 V)

178 3322 194 3370 3
217 3317 302 3383 atque
325 3316 357 3369 fit
381 3314 518 3369 Victorius
590 3311 797 3368 tManiliusv
870 3321 885 3368 6
908 3314 1006 3369 illasce
1030 3317 1104 3370 Pon-

76 3389 175 3442 tedera
196 3389 283 3457 accep.
301 3403 334 3457 p.
352 3389 410 3444 425
519 3391 533 3441 'l
557 3384 717 3453 habereque
743 3387 818 3439 recte
846 3384 932 3440 licere
955 3387 1107 3444 Iucundos

61 3460 84 3506 9
100 3457 239 3525 spiritum
261 3477 310 3515 mv
