2386 3742
271 119 400 175 RERVM
418 119 656 178 RVSTICARVM
673 119 741 175 LIB.
755 120 795 175 III
810 126 915 176 14-1e
1038 122 1101 187 153

85 262 217 328 drantes
242 265 321 329 coici
342 265 479 350 possint,
503 269 536 330 et
555 266 600 330 sic
619 266 654 330 in
673 264 745 329 aliis
764 265 951 350 regionibus
971 268 1102 332 eaedem

84 352 172 416 inter
196 375 230 417 se
254 353 404 418 conlatae
427 354 569 419 minores
594 375 631 418 ac
654 355 804 420 maiores.
848 354 910 419 hae
935 355 970 419 in
994 356 1130 421 fetura5

83 442 219 525 pariunt
234 441 491 508 innumerabilia.
524 464 635 507 earum
654 464 763 507 semen
781 443 941 507 minutum
961 466 998 509 ac
1016 447 1102 510 testa

84 529 178 594 molli
203 529 414 595 diuturnitate
438 531 631 596 obdurescit.
668 532 797 617 magnis
820 532 935 596 insulis
958 532 993 597 in
1018 533 1101 598 areis

58 617 184 685 efactis
216 641 371 704 magnum
403 620 514 686 bolum
546 618 694 683 defemmt
729 621 823 685 aeris.
881 620 942 685 has
976 643 1101 706 quoque

84 707 237 791 saginare
261 704 368 773 solent
390 709 451 793 ita,
478 712 515 772 ut
543 708 641 773 ollam
664 730 737 773 cum
760 709 974 773 foraminibus
998 709 1102 775 incru-

84 798 174 860 stent
197 818 277 879 sapa
300 799 333 860 et
356 797 445 883 farri,
467 797 523 861 ubi
546 800 731 880 pascantur,
753 819 835 882 quae
860 797 1022 862 foramina
1044 798 1102 863 ha-

83 883 170 968 beat,
192 888 229 948 ut
251 885 374 950 intrare
397 907 452 950 aer
474 884 596 970 possit:
631 885 728 950 vivax
756 885 842 950 enim
869 885 950 951 haec
976 890 1110 953 natura.

176 971 351 1038 Glirarium
375 977 484 1038 autem
507 973 658 1038 dissimili
680 972 808 1039 ratione
831 974 984 1059 habetur,
1014 976 1100 1060 quod
1108 988 1160 1045 XV

42 1087 69 1127 ιο
84 1082 153 1125 non
177 1083 269 1146 aqua,
293 1061 348 1126 sed
371 1062 512 1127 maceria
529 1062 620 1127 loeus
640 1063 800 1147 saepitur:
824 1066 894 1127 tota
911 1062 976 1129 levi
993 1064 1101 1147 lapide

85 1153 144 1213 aut
165 1151 302 1215 tectorio
326 1151 521 1216 intrinsecus
544 1151 751 1235 incrustatur,
783 1173 823 1215 ne
847 1173 948 1216 exea
972 1173 1101 1237 erepere

83 1238 200 1322 possit.
249 1240 284 1302 in
311 1261 349 1304 eo
382 1239 570 1304 arbusculas
602 1261 673 1304 esse
706 1243 849 1324 oportet,
881 1262 963 1325 quae
994 1241 1103 1306 ferant

84 1325 246 1411 glandem.
292 1350 373 1411 quae
401 1350 474 1392 cum
501 1328 644 1393 fructum
671 1350 737 1393 non
769 1328 888 1412 ferunt,
919 1330 1006 1394 intra
1034 1353 1101 1395 ma-

84 1414 204 1480 ceriem
235 1416 338 1480 iacere
372 1420 503 1500 oportet
535 1417 686 1502 glandem
719 1420 752 1481 et
782 1421 984 1502 castaneam,
1016 1419 1100 1482 unde

41 1528 69 1569 15
84 1504 190 1568 saturi
221 1505 312 1572 fiant.
366 1505 472 1570 facere
504 1505 544 1569 iis
577 1527 673 1570 cavos
707 1509 836 1590 oportet
863 1506 1013 1590 laxiores,
1045 1507 1130 1571 ubi2

83 1591 194 1676 pullos
220 1614 335 1675 parere
362 1596 504 1679 possintz
541 1616 658 1678 aquam
687 1616 757 1658 esse
780 1597 924 1678 tenuem,
954 1595 1040 1678 quod
1063 1617 1102 1660 ea

83 1701 153 1745 non
172 1683 308 1746 utuntur
330 1683 468 1747 multum
492 1686 524 1746 et
547 1682 673 1747 aridum
696 1683 802 1746 locum
826 1686 994 1767 quaerunt.
1039 1683 1101 1748 hae
1154 1727 1157 1732 -

68 1769 278 1853 saginantur
296 1771 331 1834 in
354 1770 459 1855 doliis,
477 1793 559 1856 quae
578 1771 678 1835 etiam
696 1771 730 1835 in
749 1770 836 1835 villis
855 1771 978 1836 habent
997 1773 1103 1857 multi,

84 1879 168 1942 quae
195 1858 286 1943 figuli
314 1859 440 1924 faciunt
467 1861 569 1924 multo
601 1860 696 1924 aliter
723 1862 820 1943 atque
848 1859 928 1944 alia,
956 1861 1044 1943 quod
1066 1861 1101 1925 in

41 1971 69 2011 ao
84 1946 379 2026 lateribus-eorum
403 1948 536 2013 semitas
560 1948 685 2036 faciunt
708 1951 740 2011 et
764 1969 888 2031 cavum,
912 1948 968 2012 ubi
994 1949 1101 2013 cibum

84 2036 295 2101 constituant.
321 2037 355 2100 in
377 2035 440 2101 hoc
464 2037 586 2102 dolium
609 2036 732 2101 addunt
754 2036 905 2121 glandem
929 2040 985 2100 aut
1002 2057 1101 2102 nuces

83 2123 256 2208 iuglandes
285 2128 342 2188 aut
369 2128 563 2192 castaneam.
614 2125 731 2210 quibus
764 2126 796 2188 in
830 2125 990 2204 tenebris,
1027 2148 1101 2190 oum

85 2213 264 2295 operculum
287 2213 465 2298 inpositum
489 2218 539 2279 est
562 2214 597 2278 in
620 2214 733 2297 doleis,
751 2214 834 2277 fiunt
855 2213 1003 2299 pingues.

174 2299 315 2385 Appius,
346 2300 454 2388 Igitur
485 2303 694 2387 relinquitur,
726 2301 849 2385 inquit,
881 2302 920 2366 de
951 2303 1101 2386 pastione
1110 2316 1177 2374 XVI

42 2412 69 2454 aa
84 2388 230 2453 villatica
257 2391 374 2455 tertius
406 2393 497 2457 actus
522 2391 560 2455 de
583 2392 725 2475 piscinis.
772 2390 856 2466 Quid
878 2391 1017 2468 tertius?
1052 2392 1101 2456 in-

83 2479 156 2560 quit
178 2478 291 2542 Axius.
336 2500 378 2543 an
401 2480 478 2563 quia
499 2482 537 2543 tu
560 2480 676 2544 solitus
701 2499 734 2543 es
754 2479 789 2542 in
808 2478 1026 2543 adulescentia
1044 2483 1101 2544 tua

83 2566 173 2630 dorni
201 2567 343 2630 mulsum
369 2587 437 2632 non
450 2567 575 2632 bibere
602 2570 734 2652 propter
761 2567 1012 2651 parsimoniam,
1040 2589 1101 2633 nos

83 2655 149 2719 mel
172 2655 399 2740 neclegemus?
435 2654 564 2739 Appius
587 2657 692 2741 nobis,
714 2655 837 2720 Verum
868 2654 959 2739 dicit,
985 2656 1100 2740 inquit.

174 2864 313 2918 leisdem
386 2866 578 2933 tpascuntnr
600 2881 655 2932 qua
728 2870 759 2918 11
784 2880 836 2918 nec
860 2881 946 2919 exea
966 2864 1041 2932 Pol,
1064 2881 1100 2920 ne

83 2951 172 2990 exea
197 2951 291 3006 apogr.
366 2940 399 2988 12
425 2937 520 2990 ferunt
542 2936 674 3004 glandem
747 2940 780 2989 15
804 2934 849 2989 his
873 2935 918 3004 (iis
938 2936 1100 3005 apographa

82 3006 231 3075 nonnulla)
309 3006 405 3060 clauos
486 3013 519 3060 16
543 3022 604 3061 esse
626 3007 739 3059 tenuem
761 3021 855 3076 apocr.
880 3011 906 3061 et
929 3006 1015 3072 Vict,
1041 3023 1099 3061 csse

81 3075 118 3131 iis
136 3079 250 3132 tenuem
269 3077 329 3132 Pol.
384 3081 418 3131 19
438 3077 530 3146 adque
585 3081 619 3130 22
639 3076 804 3131 cumularim
823 3075 948 3146 positum
1002 3082 1037 3130 24
1058 3077 1100 3131 in·

82 3148 157 3224 quid¹
189 3153 223 3201 26
242 3146 436 3203 adolescentia
455 3147 659 3217 (adulescentia
677 3147 735 3202 cod.
756 3148 835 3215 Par.)
872 3153 907 3202 28
926 3145 1099 3216 neclegimus

174 3323 323 3378 leaedem
345 3324 494 3378 Iucundos
565 3323 678 3378 bacris
702 3324 831 3379 omieitv
905 3325 1098 3393 'lpaseantur

82 3412 189 3466 quaec
242 3401 273 3449 12
293 3393 386 3450 ferant
403 3394 534 3464 glandem
552 3395 700 3450 Iacwtdue
750 3397 784 3447 15
803 3410 924 3448 cauoso
980 3399 1022 3445 ‘na
1035 3410 1109 3444 eum

81 3467 162 3523 aular
179 3466 341 3535 impositum
360 3467 404 3521 est
420 3464 547 3540 Scaliger
620 3471 658 3524 28
675 3465 863 3538 negligemus
880 3462 1040 3517 lanatus
