2386 3742
123 139 165 203 36
531 139 719 196 VARRONIS

123 306 195 349 ores
218 284 326 348 fundo.
362 285 472 369 itaque
491 290 622 368 propter
640 286 700 350 has
721 287 930 371 cognationes
950 285 1139 368 Epiroticae

92 373 264 439 ofamiliae
289 377 365 437 sunt
387 374 592 437 inlustriores
612 395 649 438 ao
667 375 816 438 cariores.
852 374 1061 438 inliciendam
1080 397 1138 440 vo·

122 462 282 525 luntatem
309 463 547 545 praefectorum
569 463 693 527 honore
717 464 824 547 aliquo
854 462 1015 548 habendo,
1039 467 1073 528 et
1098 465 1139 529 de

122 551 279 633 operariis
304 553 359 635 qui
383 552 597 636 praestabunt
619 551 712 634 alios,
736 551 1039 618 communicandum
1059 571 1166 636 quo-⁰

122 662 183 723 que
207 662 280 702 oum
298 640 359 722 his,
383 663 466 725 quae
489 639 638 704 facienda
658 642 724 705 sint
747 663 854 724 opera,
879 640 973 723 quod,
997 643 1045 704 ita
1064 664 1140 704 cum
1166 662 1177 702 s

121 729 167 810 fit,
188 728 294 791 minus
314 747 348 792 se
367 733 485 812 putant
500 729 622 812 despici
638 733 734 811 atque
750 731 858 812 aliquo
873 751 1008 793 numero
1022 730 1139 794 haberi

93 826 141 881 Ia
165 817 304 883 dominc.
351 819 561 882 studiosiores
591 818 631 880 ad
659 840 740 900 opus
764 819 832 881 fieri
860 818 1026 881 liberalius
1050 823 1139 883 trac-

121 906 221 970 tando
246 910 304 970 aut
326 907 458 971 cibariis
483 911 539 969 aut
561 906 683 970 vestitu
707 907 848 989 largiore
872 912 929 970 aut
947 907 1140 970 remissione

122 995 229 1078 operis
262 997 523 1077 concessionem,
554 999 592 1057 ut
624 996 784 1076 peculiare
818 994 940 1077 aliquid
972 994 1007 1058 in
1037 995 1140 1061 fundo

121 1104 253 1166 pascere
282 1084 391 1166 liceat,
418 1084 552 1147 huiusce
580 1083 668 1146 modi
697 1105 805 1147 rerum
834 1085 922 1166 aliis,
954 1088 991 1147 ut
1019 1085 1139 1166 quibus
1156 1105 1178 1145 ro

121 1172 198 1255 quid
231 1172 362 1252 gravius
396 1173 439 1236 sit
470 1172 665 1255 imperatum
697 1178 754 1236 aut
781 1173 1041 1236 animadversum
1073 1174 1140 1256 qui,

122 1244 320 1325 consolando
344 1282 455 1324 eornm
479 1262 631 1326 restituat
653 1262 855 1325 voluntatem
879 1282 917 1325 ao
945 1261 1139 1326 benevolen-

121 1349 201 1412 tiam
225 1350 258 1410 in
282 1349 458 1413 dominum.
679 1409 685 1425 ‚

60 1450 154 1508 XVIII
213 1435 262 1501 De
280 1438 404 1501 familia
423 1436 505 1502 Cato
525 1438 644 1523 derigit
663 1437 703 1501 ad
723 1438 801 1502 duas
817 1440 931 1519 metas,
954 1436 994 1501 ad
1013 1441 1140 1503 certum

120 1527 252 1591 modum
276 1527 347 1611 agri
372 1531 404 1590 et
428 1548 529 1610 genus
554 1527 701 1603 sationis
725 1527 870 1590 scribens
894 1526 933 1590 de
952 1527 1083 1590 olivetis
1104 1531 1136 1592 et
1152 1549 1175 1588 15

120 1616 225 1678 vineis
249 1619 286 1679 ut
309 1615 388 1679 duas
411 1615 585 1678 formulas:
609 1637 716 1698 unam,
738 1616 857 1698 inqua
879 1615 1046 1698 praecipit,
1072 1638 1138 1699 quo

121 1703 216 1768 modo
246 1705 402 1768 olivetum
430 1706 501 1789 agri
529 1704 643 1786 iugera
667 1720 756 1768 coxa
789 1705 948 1767 instruere
978 1708 1140 1786 oporteat.

121 1791 200 1857 dicit
228 1793 314 1856 enim
341 1793 374 1856 in
404 1814 441 1858 eo
471 1793 567 1856 modo
594 1792 675 1856 haec
703 1793 865 1876 mancipia
889 1811 956 1856 xm
979 1791 1140 1873 habenda,

120 1881 263 1962 vilicum,
281 1881 421 1963 silicam,
441 1883 605 1964 operarios
626 1900 658 1963 v,
680 1882 835 1945 bubulcos
850 1899 898 1963 111,
923 1881 1103 1944 asinarium
1117 1900 1140 1964 1,

37 1966 39 1970 '
121 1970 290 2034 subulcum
310 1989 332 2050 1,
356 1970 532 2054 opilionem
552 1988 574 2033 1.
611 1970 748 2033 alteram
772 1970 946 2033 formulam
966 1970 1079 2033 scribit
1099 1971 1139 2035 de
1154 1992 1178 2030 au

120 2057 287 2123 vinearum
315 2059 481 2142 iugeribus
502 2077 534 2139 c,
563 2063 598 2121 ut
626 2058 712 2121 dicat
738 2058 852 2121 haberi
883 2062 1031 2141 oportere
1055 2058 1139 2124 hacc

120 2165 169 2211 xv
192 2147 362 2230 mancipia,
385 2147 527 2229 vilicum,
551 2147 688 2230 vilicam,
710 2147 876 2230 operarios
896 2166 929 2228 x,
949 2146 1138 2226 bubulcum,

91 2235 314 2319 mainerium,
347 2236 525 2302 subulcum.
572 2234 709 2299 Saserna
742 2237 855 2299 scribit
885 2237 964 2317 satis
994 2257 1066 2298 csse
1097 2237 1139 2300 ad

121 2325 234 2407 iugera
256 2343 321 2388 vr11
343 2324 509 2388 hominem
533 2346 646 2387 unum:
671 2346 709 2386 ca
733 2323 848 2389 debere
872 2345 943 2387 eum
964 2323 1140 2389 confodere

122 2413 235 2476 diebus
255 2430 339 2496 XLV,
372 2414 503 2478 tametsi
535 2415 700 2496 quaternis
729 2413 835 2495 operis
867 2413 995 2496 singula
1022 2414 1178 2498 ingeram

121 2501 239 2585 possit3
260 2502 315 2565 sed
335 2501 516 2586 relinquere
537 2525 570 2564 se
589 2524 705 2584 operas
724 2519 790 2564 xm
809 2502 994 2582 valetudini,
1013 2505 1139 2586 tempe-

122 2593 213 2672 stati,
237 2591 387 2676 inertiae,
414 2591 640 2674 indiligentiae
664 2589 729 2672 [Li.
775 2589 891 2653 horum
915 2593 1029 2653 neuter
1054 2590 1140 2655 satis

89 2679 260 2746 3dilucide
289 2680 436 2743 modulos
465 2680 596 2762 reliquit
618 2680 729 2750 nobis,
754 2679 839 2761 quod
864 2676 946 2742 (lato
971 2677 1000 2741 si
1022 2679 1139 2762 voluit,

122 2767 235 2831 debuit
264 2767 320 2851 sic,
350 2773 388 2832 ut
418 2789 475 2851 pro
507 2768 655 2851 portione
687 2767 725 2830 ad
757 2768 910 2831 maiorem
940 2767 1077 2830 fundum
1106 2770 1142 2831 et

120 2857 278 2919 minorem
309 2857 498 2920 adderemus
529 2863 562 2920 et
592 2857 800 2920 demeremus.
846 2859 1015 2939 praeterea
1044 2859 1174 2920 extruso

120 2945 279 3009 familiam
299 2946 409 3010 debuit
427 2945 532 3008 dicere
551 2945 684 3008 vilicum
704 2949 736 3007 et
755 2944 893 3007 vilicam.
922 2944 1138 3026 nequeenim,

210 3127 225 3175 2
240 3120 409 3174 iniciendam
424 3120 601 3188 uoluptatem
616 3117 797 3186 (iniciendum
812 3117 990 3187 uoluptatem
1003 3133 1036 3170 cx
1047 3119 1139 3174 codice

120 3193 264 3248 adnotavit
287 3191 437 3259 Victorias)
524 3188 663 3257 9aliquit
740 3193 777 3242 28
796 3188 932 3258 relinquit
1005 3188 1027 3242 si
1043 3189 1139 3244 uoluit

120 3266 152 3316 ut
172 3262 270 3317 debuit
288 3262 326 3317 sit
343 3261 522 3331 proportione

189 3421 421 3479 2r‘nlicr'endam
443 3424 471 3480 I.
494 3423 531 3480 F.
546 3423 705 3480 Gronovius
724 3421 800 3490 opud
813 3419 1003 3474 Subnetdcrum
1088 3435 1138 3474 uo·
1183 3402 1184 3407 ἵ

75 3481 229 3544 Iuntatern
261 3493 412 3553 Victorius
492 3504 528 3556 28
548 3495 675 3567 reliquit
690 3511 740 3550 mu
