2386 3742
130 124 194 188 140
537 123 725 179 VARRONIS

129 272 273 353 pascunt.
319 269 375 358 qui
397 270 445 334 ita
411 269 606 334 ttedueau
591 273 657 354 t,ur
687 269 822 335 celerius
849 268 1042 355 pinguiores
1065 262 1183 343 1111111,Ι

129 380 227 442 quam
250 358 372 441 alii,et
357 357 548 423 tcandidae
571 359 654 422 fiunt
639 361 828 442 tparentes
851 380 972 423 eorum.
1009 346 1183 462 Romae!
1181 424 1183 443 ,

130 448 158 511 si
186 449 261 511 sunt
288 447 436 526 formosi,
469 449 555 512 bono
584 447 704 525 colore,
736 447 869 532 integri,
892 448 976 512 boni
1004 448 1137 530 seminis,

128 536 220 618 paria
244 535 373 620 singula
395 537 494 621 volgo
512 540 654 601 veneunt
680 536 811 602 ducenis
834 536 977 600 nummis
999 557 1136 603 necnon

129 624 246 689 eximia
273 625 409 710 siugulis
438 625 569 690 milibus
596 647 772 690 nummum.
824 646 905 709 quas
934 647 1041 709 nuper
1073 641 1164 692 cumr

128 717 288 779 mercator
306 715 391 778 tanti
411 736 515 779 emere
534 714 635 778 vellet
653 737 673 779 a
690 714 726 780 L.
746 714 839 798 Axio,
858 714 967 799 equite
986 713 1136 796 Romano,

78 812 116 868 11
129 804 263 869 minoris
278 804 526 889 quadringentis
541 804 681 868 denariis
696 803 847 868 daturum
866 803 1009 887 negavit
1032 802 1136 885 Axius,

129 890 164 957 Si
186 915 316 977 possem
339 915 455 976 emere,
476 893 590 976 inquit,
612 893 815 977 peristerona
831 891 964 976 factum,
987 890 1137 977 quemad

128 982 273 1067 modum,
299 982 335 1046 iu
363 983 496 1047 aedibus
524 1004 596 1046 cum
622 981 742 1046 habere
771 981 889 1046 vellem
895 1030 904 1064 ,
936 982 1002 1045 emi
1031 980 1137 1046 fictilia
1181 1038 1183 1053 ,

129 1071 337 1155 columbaria,
359 1073 425 1135 iam
448 1073 546 1135 issem
566 1074 712 1154 emptum
731 1074 764 1134 et
781 1070 941 1135 misissem
962 1070 1002 1134 ad
1021 1070 1136 1135 villam.
1146 1087 1164 1130 11
1181 1082 1183 1181 q

129 1158 230 1234 Quasi
258 1181 347 1242 vero,
379 1159 488 1244 inquit
514 1159 608 1243 Pica,
639 1181 706 1224 non
738 1160 773 1223 in
804 1160 884 1224 urbe
917 1179 1046 1244 quoque
1077 1159 1137 1224 sint

129 1248 232 1312 multi.
270 1270 311 1313 an
335 1249 402 1313 tibe
426 1248 625 1314 columbaria
649 1249 705 1333 qui
728 1248 761 1311 in
784 1248 904 1334 tegulis
923 1248 1058 1332 habent,
1079 1268 1138 1312 non
1181 1250 1183 1293 ἓ

128 1337 279 1401 videntur
305 1337 424 1402 habere
452 1339 685 1422 peristcronas,
719 1359 792 1403 cum
816 1337 917 1421 aliqui
945 1359 1046 1420 supra
1072 1358 1137 1402 oen·

128 1429 198 1490 tum
222 1425 349 1491 milium
369 1428 554 1491 sestertium
571 1427 716 1491 habeant
734 1426 1011 1490 instrumentum?
1035 1425 1137 1511 equis

129 1516 265 1580 alieuius
283 1518 389 1580 totum
410 1537 498 1581 emas
516 1537 641 1600 censeo,
661 1519 694 1579 et
708 1518 882 1600 antequam
897 1514 1048 1580 aedificas
1061 1529 1166 1597 rure,r

129 1625 284 1689 maguum
312 1605 479 1670 condiscas
507 1605 560 1669 hic
587 1605 623 1669 iu
646 1605 725 1669 urbe
748 1604 865 1669 cotidie
888 1605 1013 1668 lucrum
1038 1624 1139 1669 assem
1178 1628 1183 1643 ·

129 1695 296 1757 semissem
325 1695 462 1758 condere
489 1694 525 1757 in
552 1694 686 1758 loculos.
731 1696 781 1777 tu,
804 1693 944 1778 Merula,
974 1692 1022 1758 sie
1044 1711 1138 1778 perge

129 1781 288 1864 deinceps.

61 1879 128 1936 Vlll
217 1869 286 1954 Ille,
305 1869 498 1935 Turturibus
517 1871 604 1955 item,
624 1871 739 1955 iuquit,
757 1872 865 1936 locum
882 1870 1140 1936 constituendum

128 1959 262 2042 proinde
281 1979 445 2044 magnum,
463 1981 500 2023 ae
519 1961 761 2025 multitudinem
781 1960 866 2024 alere
886 1960 978 2043 velis3
1008 1978 1169 2044 eumqnes

128 2049 207 2111 item
230 2051 268 2112 ut
291 2047 329 2112 de
354 2049 512 2113 columbis
536 2050 657 2114 dictum
681 2053 739 2132 est,
762 2052 799 2113 ut
821 2049 942 2112 habeat
964 2049 1087 2114 ostium
1106 2070 1140 2114 ac
1167 2123 1172 2134 ,

128 2135 235 2200 fenest
221 2140 289 2201 tras
322 2141 355 2200 et
387 2159 506 2220 aquam
538 2160 653 2220 puram
685 2160 723 2202 ac
754 2138 895 2221 parietes
928 2158 965 2201 ac
997 2159 1139 2203 camaras

128 2226 310 2289 munitast
312 2229 361 2289 ect
363 2226 446 2307 ori03
475 2226 530 2290 sed
553 2248 612 2311 pro
636 2225 879 2292 columbariis
869 2248 904 2289 in
926 2225 1052 2309 pariete
1075 2249 1140 2291 mu·

128 2314 215 2378 tulos
247 2316 304 2378 aut
331 2314 462 2397 palos
453 2336 487 2378 m
515 2315 675 2398 ordinem,
708 2337 806 2398 supra
834 2336 914 2398 quos
948 2315 1140 2399 tegeticulas

128 2391 328 2466 cannabinae
357 2402 459 2467 sint
450 2405 621 2506 inpositae.
666 2403 815 2468 infimum
844 2403 988 2468 ordinem
1014 2407 1141 2487 oportet
1151 2421 1173 2465 11

128 2492 241 2556 abesse
271 2513 291 2555 a
317 2495 404 2555 terra
432 2513 498 2556 non
526 2493 633 2556 minus
661 2496 728 2557 tres
750 2492 862 2577 pedes,
892 2492 978 2555 inter
1000 2493 1141 2577 reliquos

127 2579 316 2665 dodrantes,
354 2603 373 2644 a
406 2603 532 2646 summo
565 2582 605 2645 ad
639 2603 803 2645 camaram
836 2580 903 2661 [ad]
937 2581 1143 2666 semipedem,

128 2690 229 2752 aeque
256 2670 360 2733 latum
391 2691 428 2734 ac
451 2671 595 2734 mutulus
608 2679 643 2733 'a
670 2671 792 2753 pariete
821 2673 932 2756 extare
954 2673 1083 2754 potest,
1110 2670 1142 2733 in

128 2757 244 2840 quibus
278 2757 345 2821 dies
378 2762 553 2842 noctesque
586 2761 769 2842 pascuntur.
820 2757 941 2822 cibatui
973 2757 1060 2842 quod
1094 2760 1143 2840 sit,

128 2845 273 2910 obiciunt
295 2847 440 2910 triticum
463 2847 594 2931 siccum,
616 2847 652 2911 iu
675 2850 828 2912 centenos
851 2847 980 2912 vicenos
999 2850 1142 2912 turtures
1155 2867 1176 2907 u

217 3025 250 3072 10
270 3019 299 3074 et
317 3019 467 3091 misissem]
489 3021 618 3076 emissem
693 3027 725 3075 12
745 3017 900 3075 columbari
920 3022 1070 3088 posteriore
1089 3022 1144 3078 loeo

127 3091 331 3158 (columbarum
371 3093 428 3146 eod.
461 3093 544 3160 Pon,
584 3092 755 3147 columbarie
787 3093 948 3161 apoprcpba
979 3094 1143 3162 recentiora)

128 3168 160 3216 13
180 3161 295 3230 aliquod
368 3165 543 3231 1111111111
607 3168 641 3218 23
661 3162 795 3235 mutulos]
814 3164 919 3217 multos
987 3168 1144 3218 251111111-

126 3232 209 3286 binae
228 3233 394 3303 (canabinas
419 3233 446 3287 V
461 3239 486 3289 et
503 3235 640 3290 1011111111
658 3237 829 3306 apographa)

204 3417 242 3468 10
262 3413 293 3469 et
309 3412 454 3470 misissem
476 3411 624 3469 lucendus
709 3417 747 3466 11
765 3410 938 3466 columbaria
954 3425 970 3464 c
1059 3413 1144 3499 1711

95 3479 215 3539 Merula
235 3487 398 3546 Iracundus
475 3485 696 3544 2311111111)
