2386 3742
247 132 378 188 RERVM
396 131 635 189 RVSTIOARVM
653 133 719 188 LlB.
736 132 775 186 Ill
794 138 882 187 9-10
1006 133 1069 197 147

53 277 190 343 tendum
215 278 283 360 [iis]
307 281 435 362 tempus
459 281 509 344 est
531 277 738 360 aptissimum
763 300 782 342 a
804 277 928 361 bruma,
953 277 994 343 ad
1017 300 1072 362 pa-

53 367 204 432 riendum
220 370 253 432 et
265 367 481 432 incubandum
495 365 873 433 axazendisxecruauis
886 366 931 432 cel
940 365 1073 436 Martc's's

54 477 159 541 usque
183 455 224 520 ad
247 455 435 521 solstitium.
481 456 606 521 saliunt
627 454 694 519 fere
717 454 752 519 in
775 477 872 539 aqua,
902 455 1072 538 iniguntur

54 545 92 609 in
110 544 230 609 fiumen
250 547 306 608 aut
323 544 490 627 piscinam.
516 544 664 628 singulae
681 565 747 608 non
765 545 838 626 plus
858 566 954 628 quam
968 548 1019 609 ter
1038 544 1073 608 iu

28 653 146 698 sanno
174 632 314 715 pariunt
351 632 495 717 singulis,
522 632 578 696 ubi
602 632 739 716 pariant,
767 632 950 696 faciendum
972 632 1072 696 haras

56 721 285 805 quadratas
258 743 378 786 circum
402 721 497 787 binos
517 720 614 805 pedes
634 725 668 785 et
686 720 900 805 semipedem3
923 743 978 785 eas
998 720 1071 785 sub·

56 809 266 874 sternendum
288 810 392 896 palea.
428 813 487 874 not
473 809 608 874 tandum
629 831 740 874 earum
759 831 821 874 ova
839 809 994 893 aliquo
968 829 1073 893 arguo,

56 897 145 982 quod
169 898 274 962 aliena
296 920 363 962 non
387 898 554 963 excudunt
590 897 631 962 ad
650 897 868 962 incubandum
887 901 1074 999 supponunt

54 987 247 1071 plerumque
260 1008 377 1052 nouem
393 989 450 1051 aut
468 986 625 1070 undecim,
644 1008 698 1071 qui
690 986 774 1051 hoc
788 986 904 1071 minus,
923 986 1073 1071 quinque,

11 1091 43 1135 ro
58 1073 114 1159 qui
139 1073 200 1138 hoc
223 1074 307 1160 plus,
331 1077 382 1155 [x]
404 1092 459 1139 xv.
496 1075 629 1140 incubat
614 1077 826 1158 ttattempes
777 1075 900 1139 tatibus
923 1075 991 1138 dies
1014 1074 1073 1138 tri-

58 1161 164 1247 ginta,
185 1163 400 1247 tepidioribus
423 1181 503 1229 xxv.
540 1185 613 1227 cum
636 1163 773 1247 excudit,
796 1163 937 1247 quinque
960 1163 1103 1228 diebus4

58 1250 174 1335 primis
196 1252 364 1334 patiuntur
388 1273 458 1316 esse
481 1272 553 1316 cum
577 1254 689 1317 matre.
736 1252 849 1316 deinde
872 1250 1002 1330 cotidie,
1026 1273 1072 1316 se·

57 1360 174 1403 renum
197 1360 270 1404 cum
294 1343 353 1419 est,
376 1339 557 1424 producunt
580 1341 615 1404 in
631 1344 736 1425 prata,
758 1341 836 1406 item
856 1340 997 1424 piscinas
1017 1343 1074 1404 aut

59 1427 205 1511 paludes,
228 1428 333 1512 iisque
356 1428 481 1492 faciunt
498 1428 596 1493 haras
616 1451 714 1513 supra
734 1433 855 1493 terram
874 1431 930 1492 aut
949 1431 1073 1512 suptuS,

15 1534 45 1576 rs
59 1517 95 1580 in
129 1536 209 1599 quas
241 1538 307 1582 non
339 1517 497 1582 inducunt
529 1518 601 1600 plus
633 1518 765 1582 vicenos
795 1517 917 1600 pullos,
955 1538 1074 1599 easque

57 1604 158 1668 cellas
185 1605 357 1687 provident
383 1626 424 1669 ne
451 1605 597 1670 habeant
627 1606 662 1670 in
695 1606 764 1670 solo
794 1625 940 1669 umorem
971 1607 1005 1671 et
1036 1608 1074 1668 ut

59 1692 159 1756 molle
181 1692 324 1758 habeant
347 1695 552 1759 substramen
571 1715 589 1758 e
607 1694 703 1776 palea
721 1693 824 1758 aliave
843 1715 908 1778 qua
926 1715 970 1777 re,
991 1714 1073 1758 neve

57 1802 123 1865 qua
146 1801 183 1845 eo
208 1781 357 1846 accedere
380 1782 508 1866 possint
528 1782 685 1847 mustelae
704 1781 828 1846 aliaeve
847 1803 930 1864 quae
948 1782 1072 1846 bestiae

56 1872 205 1934 noceant.
244 1891 374 1935 anseres
397 1874 536 1954 pascunt
558 1871 593 1934 in
614 1870 732 1935 umidis
754 1870 834 1935 locis
859 1873 892 1934 et
914 1870 1101 1953 pabulum5

12 1961 185 2043 auserunt,
216 1959 302 2042 quod
334 1960 476 2042 aliquem
506 1957 591 2023 ferat
621 1959 780 2042 fructum,
813 1962 987 2042 seruntque
1018 1958 1071 2022 his

55 2045 202 2128 herbam,
220 2068 303 2131 quae
321 2050 455 2112 vocatur
473 2048 562 2131 seris,
586 2047 671 2131 quod
690 2069 728 2111 ea
748 2069 833 2130 aqua
852 2050 949 2130 tacta,
973 2045 1071 2110 etiam

57 2155 131 2199 cum
155 2137 204 2198 est
227 2135 325 2219 arida,
348 2135 386 2200 fit
408 2135 529 2201 viridis.
565 2134 646 2201 folia
668 2135 736 2200 eius
756 2136 964 2218 decerpentes
984 2135 1072 2219 dant,

56 2243 111 2304 ne,
139 2222 167 2286 si
190 2244 228 2288 eo
244 2223 424 2325 inegerint,
397 2224 508 2288 tubi
530 2225 636 2289 nascit
622 2227 692 2308 t,ur
720 2227 777 2288 aut
801 2223 978 2289 obterendo
1002 2245 1072 2308 per-

56 2310 216 2376 dantt
159 2315 216 2376 aut
242 2311 305 2396 ipsi
333 2274 490 2377 cruditate
518 2316 665 2396 pereant:
710 2334 843 2378 voraces
878 2313 963 2376 enim
996 2316 1071 2378 sunt

16 2402 184 2466 aratura.
220 2421 284 2484 quo
303 2400 591 2484 temperandum·
568 2422 618 2480 us,
638 2401 694 2485 qui
712 2423 794 2485 prop
797 2406 846 2466 ter·
864 2400 1021 2484 cupiditat
987 2422 1072 2465 aem

58 2507 157 2571 saepe
180 2487 216 2551 in
237 2489 409 2572 pascendo,
433 2490 461 2552 si
484 2489 625 2554 radicem
648 2489 853 2572 pranderunt,
877 2511 973 2572 quam
998 2489 1072 2553 edu-

57 2596 130 2640 cere
153 2576 256 2641 velint
279 2598 296 2641 e
318 2579 414 2661 terra,
437 2576 636 2661 abrumpunt
658 2577 794 2643 collum:
826 2577 1072 2660 perinbecillum

151 2789 167 2837 2
187 2801 204 2838 a
222 2783 357 2839 Kalendis
375 2784 535 2840 Februariis
553 2785 600 2840 vel
617 2785 726 2840 Martiis
745 2801 796 2841 out·
850 2792 866 2840 3
885 2785 1074 2855 inunguentur

55 2854 157 2923 4plus
176 2858 274 2922 quater
329 2861 389 2910 bet
408 2860 441 2909 14
460 2871 523 2911 aras
541 2857 634 2925 (haras
658 2856 697 2925 V)
771 2855 848 2910 151n
867 2872 938 2924 quae
957 2874 1014 2912 non
1031 2856 1073 2910 in·

56 2923 165 2979 ducant
235 2931 270 2980 20
293 2926 387 2980 ferant
463 2932 495 2979 21
521 2926 601 2997 seris]
625 2926 700 2980 heris
777 2932 811 2980 23
834 2927 971 2981 inecerint
993 2927 1073 2998 (inie-

56 2994 148 3049 corint
170 2996 238 3051 Vct
256 2998 417 3066 apoprcpbc
434 2999 603 3065 aeterniora,
626 2996 762 3052 incoeriut
785 2997 855 3052 Vict.
874 3003 899 3052 ct
917 2999 974 3053 cod.
993 2999 1072 3068 Par.)

54 3188 182 3242 bandum
200 3207 217 3243 a
235 3189 371 3245 Kalendis
389 3191 548 3246 Februariis
566 3190 612 3245 vel
630 3190 739 3246 Martiis
757 3206 846 3259 usque
864 3191 901 3245 ad
920 3190 1072 3248 solstitium

57 3259 207 3314 Columella
228 3260 309 3315 VIII
326 3265 371 3328 14,
388 3266 406 3316 4

146 3328 331 3400 :diriguntur
354 3332 476 3401 Scaliper
517 3332 616 3400 4plus
634 3349 719 3400 quam
737 3334 780 3387 ter
802 3332 920 3389 Ursinus
967 3337 1000 3386 10
1024 3333 1072 3400 qui

55 3400 110 3456 hoc
127 3401 192 3470 plus
210 3401 370 3469 quindecim
388 3403 536 3458 leccardus
573 3403 637 3457 15
629 3421 659 3457 ιιι
678 3420 748 3472 quas
767 3403 888 3459 Ursinus
920 3403 1083 3456 ‘abierat-o

54 3477 88 3526 21
110 3471 179 3526 seris
197 3473 345 3529 Iucunduc
398 3479 432 3529 23
450 3471 597 3546 inegerint
617 3473 765 3534 Victorius

892 3557 954 3612 Kb*
