2386 3742
100 108 143 172 90
512 71 697 164 vnusours

41 303 44 308 .
100 255 210 337 decim,
241 257 278 319 ut
309 252 437 340 Menos3
472 275 537 319 non
569 254 654 319 nulli
686 255 793 338 etiam,
824 257 861 320 ut
888 252 1041 339 Murrius,
1072 255 1109 320 ad

99 343 227 428 viginti.

60 451 100 506 lv
190 429 252 495 Sed
276 430 347 516 quir
372 453 389 496 e
413 434 510 514 portu
533 435 609 515 post
631 431 745 497 Italico
768 431 877 515 prodit
900 453 937 496 ao
956 431 996 497 de
1016 432 1109 497 suillo

100 541 216 603 pecore
240 519 391 603 expedit?
414 521 546 585 tametsi
565 518 712 585 Scrofam
734 520 940 604 potissimum
964 521 1003 584 de
1023 542 1061 585 ea
1079 542 1111 585 re

101 608 206 673 dicere
237 613 387 691 oportere
418 629 599 694 cognomen
629 610 696 675 eius
726 609 897 694 significat.
949 607 1008 674 Oui
1037 607 1142 673 Tre-s

101 698 237 782 mollius,
259 696 431 783 Ignorare‚
453 698 573 782 inquit,
596 698 716 776 videre,
741 718 798 762 our
822 697 965 781 appeller
990 695 1111 764 Scrofa.

100 788 209 870 itaque
233 789 270 851 ut
292 786 389 850 etiarn
412 787 448 851 hi
470 789 603 870 propter
625 790 658 852 te
682 787 795 870 sciant,
825 807 984 871 cognosce
1009 808 1113 851 meam

101 878 233 960 gentem
264 877 395 940 suillum
425 895 606 958 cognomen
630 897 696 940 non
718 875 855 960 habere,
887 896 946 939 nec
969 896 1022 940 me
1046 896 1113 940 esse

101 965 142 1028 ab
175 963 319 1029 Eumaeo
353 966 469 1029 ortum.
524 986 603 1029 avur
636 986 726 1029 meus
758 964 899 1048 primum
931 965 1113 1049 appellatus

101 1056 151 1118 est
182 1051 311 1135 Scrofa,
344 1053 400 1136 qui
430 1056 582 1137 quaestor
611 1074 684 1118 cunr
714 1057 799 1117 esset
828 1051 956 1118 Licinio
985 1051 1113 1118 Nervae
1125 1070 1145 1110 ιι

100 1142 247 1225 praetori
274 1143 309 1205 in
339 1141 528 1206 Macedonia
556 1142 724 1225 provincia
751 1141 882 1206 relictus
907 1142 1031 1225 [esset],
1062 1141 1114 1225 qui

101 1234 266 1314 praeesset
289 1230 453 1314 exercitui,
477 1230 553 1294 dum
576 1235 708 1314 praetor
730 1230 867 1314 rediret,
890 1230 1011 1314 hostes,
1030 1231 1113 1295 arbi-

101 1319 180 1383 trati
217 1319 417 1383 occasionem
453 1340 487 1382 se
519 1318 639 1384 habere
670 1318 841 1398 victoriae,
880 1319 1114 1402 inpressionem

72 1410 207 1475 2facere
236 1407 448 1492 coeperunt
438 1429 473 1470 ιιι
501 1411 617 1472 castra
667 1428 759 1490 avos,
789 1429 862 1472 cum
890 1407 1114 1472 cohortaretur

101 1497 287 1562 militosut
273 1498 467 1580 tcaperent
495 1518 628 1560 armas
609 1499 707 1580 atque
730 1496 855 1560 exirent
878 1500 1005 1578 contra,
1034 1496 1146 1561 dixitu

102 1586 249 1650 celeriter
268 1607 302 1650 se
323 1586 446 1669 illos,u
426 1587 462 1648 t
478 1585 584 1650 scrofa
597 1606 722 1669 porcos,
740 1585 959 1669 disiecturum,
977 1584 1012 1648 id
1030 1584 1115 1670 qnod

68 1680 74 1690 “
103 1675 189 1739 fecit.
235 1696 313 1738 nam
337 1695 374 1738 eo
398 1673 522 1757 proelio
546 1673 657 1738 hostes
681 1674 727 1737 ita
749 1673 834 1737 fudit
820 1677 895 1738 tac
917 1673 1055 1759 fugavit,
1078 1677 1114 1738 ut

102 1785 140 1827 eo
163 1760 271 1827 Nerva
293 1765 424 1845 praetor
446 1762 623 1845 imperator
647 1763 692 1828 sit
715 1763 906 1846 appellatus,
936 1784 1017 1827 avus
1041 1783 1114 1848 eog-

102 1873 222 1916 nomen
245 1851 405 1916 invenerit
428 1855 465 1915 ut
488 1851 646 1915 diceretur
669 1849 790 1916 Scrofa.
836 1852 945 1935 itaque
975 1873 1115 1936 proavos

103 1963 139 2006 ao
168 1941 347 2024 superiores
376 1940 414 2004 de
442 1938 623 2004 Tremelliis
650 1961 746 2005 nemo
778 1939 961 2022 appellatus
993 1938 1148 2023 Scrofam

102 2051 161 2094 nec
184 2030 290 2093 minus
315 2029 472 2111 septimus
497 2051 568 2093 sum
592 2028 742 2111 deinceps
761 2029 973 2112 praetorius
963 2051 998 2093 ιιι
1017 2032 1115 2129 gente

103 2123 225 2184 nostra.
269 2139 328 2182 nec
355 2123 466 2182 tamen
495 2116 626 2202 defugio
652 2118 730 2200 quin
754 2117 858 2181 dicam
882 2137 962 2200 quae
986 2117 1054 2182 scio
1079 2117 1115 2181 de

74 2206 203 2273 3suillo
231 2227 354 2290 pecore.
401 2206 471 2288 agri
499 2206 582 2270 enim
611 2207 756 2270 culturae
787 2206 828 2270 ab
859 2205 952 2270 initio
976 2201 1103 2271 fuistu

96 2295 243 2395 diosus&
258 2315 317 2358 nec
345 2293 383 2357 de
412 2315 527 2377 pecore
557 2295 652 2359 suillo
680 2294 761 2358 mihi
790 2299 822 2358 et
848 2294 956 2379 vobis,
988 2295 1115 2380 maguis

101 2382 271 2467 pecuariis,
302 2403 415 2447 eures
438 2403 503 2447 non
527 2386 577 2447 est
600 2383 789 2449 communis
836 2383 909 2468 quis
933 2383 1018 2447 enim
1042 2384 1151 2448 fun-2⁶

102 2472 177 2537 dum
201 2471 280 2536 colit
266 2474 378 2536 tnots
379 2494 460 2554 rum,
486 2471 564 2555 quin
587 2493 660 2537 sues
683 2472 868 2556 habeatet
836 2470 948 2556 etqui
969 2492 1038 2536 non
1063 2495 1116 2538 au·

103 2561 198 2626 dierit
185 2564 334 2645 tpatros
362 2573 491 2626 nostros
519 2561 663 2625 dicere'
653 2581 849 2645 rgnavume
833 2563 865 2624 t
888 2563 1117 2643 sumptuosum

103 2672 183 2733 esse,
206 2649 262 2733 qui
286 2649 491 2714 succidiam'
482 2671 517 2713 m
540 2649 688 2714 carnario
712 2649 915 2732 suspenderit
937 2649 1050 2731 potius
1075 2650 1115 2714 ab

103 2739 240 2802 laniario
264 2760 362 2822 quam
385 2760 402 2802 e
426 2738 561 2802 domest
539 2741 601 2802 troo
625 2736 749 2803 fundo?

192 2893 373 2948 btrebellius
446 2893 567 2948 'letiam
590 2893 612 2946 ii
636 2894 734 2963 (etiam
754 2893 786 2947 hi
800 2895 926 2962 plurimo
944 2894 1118 2977 upopraphq)

103 2970 119 3018 9
140 2964 175 3019 ab
191 2981 255 3020 eum
274 2981 345 3018 aeuo
417 2969 452 3017 20
470 2964 617 3019 tremelliis
635 2965 782 3035 (tremellio
801 2965 858 3020 cod.
878 2964 955 3030 Par,
974 2964 1118 3019 cremellis

102 3037 143 3091 cel
162 3034 310 3091 cremelliis
330 3036 491 3105 apographa
509 3037 670 3105 recentiora)
761 3041 795 3090 23
821 3035 934 3116 suillo]
936 3005 1007 3089 sirllo
1024 3038 1121 3119 priore

103 3109 160 3163 loeo
267 3106 299 3160 fit
317 3106 459 3160 studiosus
481 3106 533 3175 (fui
557 3107 698 3161 studiosus
721 3107 759 3175 V)
867 3111 902 3161 28
925 3104 956 3159 in
975 3107 1120 3164 camarino

103 3184 137 3232 29
151 3176 289 3303 {anisii}
312 3177 431 3317 (lupario
454 3178 580 3247 plurima
608 3179 783 3249 apoprcpha,
811 3175 930 3232 laniario
958 3179 1016 3233 cod.
1049 3179 1119 3236 Par.

102 3255 128 3303 ct
193 3253 350 3303 uteretur

183 3397 202 3445 6
223 3388 383 3447 tremellius
402 3405 450 3447 mc
518 3390 591 3446 tat
607 3390 731 3446 Eumaeo
753 3389 912 3446 Potiticnus
929 3394 955 3446 et
978 3390 1121 3450 Veromo

77 3464 115 3511 11
133 3461 261 3518 relictus
282 3462 333 3536 qni
352 3465 509 3537 praeesset
526 3481 542 3520 o
598 3469 634 3519 ‘at
654 3461 741 3517 sudio
758 3477 805 3514 nro
862 3466 902 3513 ιι
913 3461 951 3513 'm
963 3465 1120 3520 ommino
