2386 3742
283 113 904 187 asavn'avsrroravnorara-rr
1058 130 1102 194 35

86 278 237 361 maiores,
256 281 293 342 ut
311 276 491 342 vindemias
509 297 546 340 ao
560 275 738 359 faenisicia,
758 275 997 358 administrant,
1015 275 1102 359 iique

86 388 167 449 quos
192 367 363 431 obaeratos
386 366 491 429 nostri
519 365 702 429 vocitarunt
730 368 763 429 et
791 365 888 428 etiam
916 385 1002 428 nunc
1025 367 1104 428 sunt

86 457 122 518 in
149 455 231 519 Asia
259 460 356 539 atque
380 453 534 538 Aegypto
563 458 596 516 et
624 455 657 517 in
681 452 811 537 Illyrico
835 454 1017 538 conplures.
1063 452 1102 517 de

49 573 64 603 ι
87 544 204 627 quibus
236 543 396 608 universis
427 542 489 607 hoc
522 541 607 626 dico,
639 545 752 625 gravia
782 542 855 606 loca
887 543 1000 606 utilius
1033 563 1103 606 esse

60 633 319 697 smercennariis
357 632 463 698 colere
501 653 599 714 quam
637 631 753 714 servis,
787 636 820 694 et
850 631 885 695 in
917 631 1103 695 salubribus

87 742 215 804 quoque
242 721 322 785 locis
351 742 449 806 opera
477 721 599 784 rustica
629 719 767 803 maiora,
799 722 837 784 ut
865 724 941 783 sunt
968 721 1003 784 in
1030 741 1103 783 con-

88 809 201 874 dendis
227 808 387 874 fructibus
414 808 595 873 vindemiae
624 812 681 872 aut
707 809 832 873 messis.
878 808 916 872 de
939 808 989 889 iis,
1012 809 1132 874 cuius3

88 898 177 961 modi
211 919 280 962 esse
314 902 477 982 oporteat,
506 896 637 963 Cassius
672 897 786 963 scribit
812 897 905 961 haec:
940 896 1103 982 operarios

87 986 251 1070 parandos
275 1009 354 1064 esse,
378 987 433 1069 qui
455 986 601 1051 laborem
624 985 708 1049 ferre
732 986 874 1069 possint,
897 1008 938 1049 ne
962 985 1104 1050 minores

48 1098 74 1136 ιο
90 1097 250 1139 annorum
273 1093 350 1139 xxn
374 1080 407 1138 et
430 1076 470 1138 ad
494 1076 565 1158 agri
589 1075 749 1139 culturam
774 1074 902 1139 dociles.
941 1096 1012 1138 eam
1031 1096 1105 1140 con·

88 1163 248 1228 iacturam
274 1164 344 1228 fieri
372 1185 467 1247 posse
495 1185 534 1226 ex
563 1164 700 1227 aliarum
729 1185 838 1228 rerum
867 1165 1046 1247 imperatis,
1071 1168 1104 1226 et

88 1253 123 1316 in
147 1274 184 1316 eo
209 1274 321 1316 eorum
345 1275 362 1317 a
386 1252 521 1318 noviciis
540 1253 757 1335 requisitione,
780 1253 821 1317 ad
840 1253 982 1335 priorem
1002 1252 1104 1316 domi·

87 1363 167 1405 num
196 1341 273 1424 quid
300 1340 489 1406 factitarint.
535 1341 696 1423 mancipia
725 1363 794 1405 esse
823 1345 972 1424 oportere
1000 1362 1104 1425 neque

88 1428 301 1494 formidulosa
319 1453 423 1513 neque
442 1430 596 1495 animosa.
625 1430 681 1513 qui
700 1430 845 1512 praesint
860 1451 930 1493 esse
946 1432 1135 1513 oportere,4

49 1539 75 1580 15
89 1518 146 1601 qui
170 1519 287 1582 litteris
310 1525 400 1601 atque
422 1519 532 1603 aliqua
556 1519 621 1582 sint
642 1518 846 1583 humanitate
870 1518 985 1596 inbuti,
1007 1517 1104 1602 frugi,

89 1610 199 1670 aetate
232 1607 353 1671 maiore
386 1630 484 1692 quam
518 1609 696 1691 operarioS,
731 1630 813 1691 quos
846 1607 921 1672 dixi.
974 1605 1104 1670 facilius

90 1696 177 1758 enim
205 1694 245 1759 iis
273 1718 369 1779 quam
391 1697 446 1778 qai
467 1697 593 1761 minore
616 1700 696 1760 natu
719 1699 796 1760 sunt
819 1695 904 1760 dicto
929 1695 1104 1760 audientes.

88 1787 259 1867 praeterea
282 1786 489 1867 potissimum
513 1807 568 1849 eos
587 1807 737 1868 praeesse
756 1789 914 1869 oportere,
936 1785 992 1867 qui
1010 1783 1104 1867 periti

91 1872 160 1935 sint
187 1894 296 1936 rerum
324 1875 527 1938 rusticarum.
573 1895 639 1938 non
666 1875 772 1937 solum
795 1875 881 1937 enim
905 1874 1021 1937 debere
1045 1872 1105 1936 im-

49 1983 75 2022 ao
89 1981 215 2045 parare,
242 1962 297 2025 sed
321 1963 420 2026 etiam
443 1962 561 2045 facere,
589 1967 626 2026 ut
648 1961 820 2026 facientem
844 1961 991 2025 imitetur
1013 1964 1046 2025 et
1067 1963 1105 2024 ut

90 2048 332 2114 animadvertat
369 2073 441 2115 aum
479 2072 551 2115 cum
589 2072 688 2114 causa
721 2051 783 2114 sibi
819 2071 982 2135 praeesse,
1020 2048 1107 2133 quod

90 2137 228 2202 seientia
259 2143 413 2222 praestet.
465 2161 570 2224 neque
602 2139 668 2204 illis
702 2139 939 2204 concedendum
971 2140 1018 2202 ita
1047 2139 1134 2206 im-5

89 2247 216 2309 parare,
239 2233 276 2290 ut
297 2229 485 2293 verberibus
509 2231 678 2293 coerceant
696 2229 805 2312 potius
826 2251 922 2312 quam
941 2228 1059 2310 verbis,
1079 2227 1107 2290 si

89 2315 188 2378 modo
217 2315 302 2378 idem
331 2317 458 2381 efficere
490 2318 605 2400 possis.
655 2339 759 2401 neque
788 2316 931 2381 eiusdem
963 2315 1105 2380 nationis

46 2425 73 2467 aa
88 2403 200 2486 plures
230 2406 391 2486 parandos
411 2428 494 2470 esse:
537 2428 576 2469 ex
600 2428 636 2470 eo
661 2407 746 2470 enim
771 2406 977 2490 potissimum
1003 2405 1106 2469 solere

94 2491 291 2556 offensiones
315 2494 509 2559 domesticas
532 2495 612 2558 fieri
657 2495 839 2577 praefectos
864 2494 1036 2558 alacriores
1060 2493 1075 2555 f
1095 2529 1107 2539 -

93 2581 244 2644 ciendum
275 2584 429 2664 praemiis
462 2584 517 2664 [ad
549 2583 709 2662 facienda]
743 2582 910 2665 dandaque
944 2603 1042 2666 opera
1069 2585 1108 2644 ut

90 2668 239 2733 habeant
271 2672 433 2753 peculium
461 2675 494 2735 et
522 2672 711 2736 coniunctas
740 2692 926 2754 conservas,
949 2693 966 2733 e
989 2670 1107 2754 quibus

90 2757 238 2822 habeant
264 2758 358 2826 filios.
405 2782 443 2825 eo
467 2761 552 2824 enim
580 2761 664 2824 fiunt
690 2761 847 2824 firmiores
871 2781 909 2824 ac
932 2759 1107 2824 coniuncti-

87 2876 306 2892 ————

184 2950 378 3006 acbaerarios
469 2955 497 3007 et
516 2951 600 3006 etiam
621 2954 663 3018 (ut
681 2951 767 3006 etiam
792 2951 830 3019 V)
912 2951 1025 3005 ·4hoo
1044 2950 1107 3004 diro

91 3018 153 3089 (hic
171 3019 235 3075 dico
258 3021 297 3091 V)
412 3027 428 3076 ὅ
448 3021 628 3077 mercenariis
652 3023 859 3090 (mercennariis
881 3023 1019 3077 nonnullo
1041 3038 1108 3090 apo-

87 3092 216 3161 arapha)
326 3099 358 3146 12
383 3094 583 3164 requisitione]
611 3094 780 3162 reliquisitio
889 3099 921 3148 13
944 3093 1109 3147 factitarent

93 3166 127 3216 15
148 3165 303 3286 atquzom.
378 3170 410 3218 17
430 3165 450 3218 ii
470 3182 555 3232 quam
573 3164 680 3219 minore
756 3169 789 3218 18
808 3167 920 3234 oportet
990 3170 1023 3218 21
1044 3180 1108 3216 cum

89 3250 192 3288 causas
211 3251 253 3286 11

182 3416 199 3464 ²
220 3411 401 3481 ⁰b¹²⁹¹2l05v
511 3418 542 3468 11
564 3412 717 3487 imperatis
741 3415 773 3469 et
793 3411 992 3482 requisitione
1007 3407 1142 3460 Ursinus

84 3488 125 3535 27
141 3481 178 3533 ad
193 3480 323 3536 facienda
341 3485 442 3540 delevit
459 3486 616 3546 Iucundos
698 3492 700 3496 '

965 3565 1006 3616 *ὸῖῐ-
