2386 3742
308 147 438 202 auavn
456 146 696 203 avsrrccavn
714 149 781 204 ars.
797 147 836 203 nr
853 155 886 204 re
1040 148 1102 214 161

91 293 275 358 adfundunt
303 313 415 376 sapam
443 296 541 377 atque
570 315 609 357 ex
636 314 673 358 eo
701 294 806 359 factas
838 295 919 359 offas
944 294 1111 378 adponunt

90 382 147 462 ibi,
182 403 244 466 quo
277 381 364 447 foras
396 381 504 447 hieme
536 383 569 447 in
602 383 758 466 pabulum
791 384 965 466 procedere
998 389 1111 450 tamen

114 472 230 535 ossint.

89 494 111 555 p
181 557 263 623 (lum
287 578 420 623 examen
443 559 606 624 exiturum
630 563 689 642 est,
712 559 798 644 quod
821 560 892 624 fieri
916 561 1014 645 solet,
1037 571 1162 630 cum29

61 647 232 712 seductae
265 668 419 732 prospere
452 651 528 712 sunt
559 648 681 712 multae
714 669 752 712 ac
784 650 973 732 progeniem
1006 653 1042 714 ut
1075 652 1109 715 in

90 736 255 800 coloniam
279 736 426 800 emittere
449 737 571 818 volunt,
594 740 631 801 ut
653 737 730 801 olim
755 737 867 801 crebro
888 735 1002 803 Sabini
1019 738 1111 804 faeti·

90 827 245 889 taverunt
266 828 400 908 propter
422 825 667 890 multitudinem
690 826 875 910 liberorum,
904 827 1000 891 huius
1024 827 1111 911 quod

90 914 154 978 duo
178 914 286 978 solent
308 913 435 998 praeire
460 914 563 999 signa,
585 915 703 979 scitur:
740 937 856 998 unum,
879 915 964 1000 quod
988 914 1110 1000 superi·

89 1003 202 1067 oribus
217 1003 341 1087 diebus,
361 1001 503 1066 maxime
516 1003 721 1086 vespertinis,
735 1004 857 1067 multae
872 1008 948 1069 ante
961 1006 1110 1070 foramen

46 1112 75 1152 ro
89 1095 127 1156 ut
154 1113 234 1156 uvae
263 1091 347 1156 aliae
378 1113 417 1156 ex
439 1091 513 1156 aliis
535 1091 676 1175 pendent
694 1091 923 1177 conglobatam
961 1095 1161 1177 alterum,30

89 1180 186 1264 quod,
210 1202 283 1245 oum
306 1181 373 1245 iam
396 1180 584 1244 evolaturae
608 1185 686 1245 sunt
709 1186 766 1246 aut
789 1183 888 1246 etiam
909 1182 1108 1267 inceperunt,

90 1273 273 1334 consonant
291 1269 508 1352 vehementer,
526 1269 663 1353 proinde
681 1272 719 1334 ut
738 1269 858 1335 milites
878 1270 1011 1355 faciunt,
1034 1294 1108 1338 cum

89 1362 199 1423 castra
228 1363 368 1423 movent.
414 1379 496 1442 quae
519 1358 662 1442 primum
685 1359 846 1443 exierunt,
874 1360 908 1423 in
931 1358 1109 1445 conspectu

89 1447 231 1511 volitant
253 1447 410 1530 reliquas,
437 1469 520 1531 quae
542 1447 685 1511 nondum
708 1451 926 1532 congregatae
950 1453 1034 1529 sunt,
1057 1471 1108 1514 re-

46 1539 288 1619 respectantes,
321 1536 396 1600 dum
429 1535 630 1600 conveniant
677 1536 778 1616 [cum]
810 1558 830 1600 a
859 1537 1006 1603 mellaria
1034 1560 1108 1603 cum

88 1624 123 1688 id
146 1624 261 1688 fecisse
285 1628 360 1688 sunt
383 1622 636 1703 animadversae,
665 1625 815 1689 iaciundo
839 1625 873 1689 in
897 1647 951 1691 eas
975 1627 1109 1710 pulvere

89 1717 122 1777 et
150 1712 438 1777 circumtinniendo
468 1734 541 1777 aere
568 1712 774 1795 perterritae,
802 1735 865 1796 quo
894 1713 1009 1780 volunt
1036 1737 1105 1799 per·
1119 1725 1159 1783 31

89 1801 213 1885 ducere,
231 1823 297 1866 non
317 1802 413 1885 longe
432 1800 506 1865 inde
526 1801 678 1865 oblinunt
694 1801 835 1866 erithace
852 1807 950 1888 atque
964 1804 1107 1887 apiastro

89 1891 269 1975 ceterisque
292 1891 399 1973 rebus,
423 1890 542 1975 quibus
560 1890 771 1956 delectantur.
807 1891 863 1955 ubi
883 1892 1108 1975 consederunt,

48 2000 75 2038 ao
90 1979 241 2044 adferunt
265 1977 373 2042 alvum
399 1980 528 2062 [prope]
553 1979 673 2042 eisdem
696 1978 815 2043 inliciis
845 1980 940 2044 litam
962 1982 1051 2046 intus
1076 1986 1109 2046 et

90 2089 191 2152 prope
215 2067 365 2151 adposita
392 2068 483 2131 fumo
512 2068 578 2131 leni
606 2067 804 2131 circumdato
834 2073 957 2153 cogunt
979 2091 1035 2134 eas
1057 2069 1107 2134 in·

89 2161 191 2222 trare:
224 2159 289 2238 [ut]
315 2178 395 2241 quae
419 2157 453 2220 in
476 2178 595 2221 novam
619 2156 781 2221 coloniam
805 2178 877 2221 cum
901 2156 1108 2240 introierunt,

89 2248 282 2329 permanent
308 2245 388 2310 adeo
417 2244 570 2329 libenter,
599 2249 637 2309 ut
664 2245 762 2309 etiam
791 2246 818 2309 si
845 2247 1028 2329 proximam
1052 2269 1107 2331 po·

90 2334 193 2398 sueris
216 2334 309 2397 illam
333 2335 451 2416 aluum,
473 2334 557 2398 unde
581 2335 741 2419 exierunt,
764 2339 874 2400 tamen
897 2358 982 2401 novo
1006 2337 1106 2402 domi·

48 2423 165 2488 cecilio
190 2423 301 2506 potius
325 2422 391 2486 sint
415 2425 595 2487 contentae.

180 2510 272 2587 Quod
296 2509 337 2574 ad
359 2513 526 2593 pastiones
549 2512 712 2594 pertinere
737 2533 808 2576 sum
831 2516 922 2576 ratus
953 2513 1108 2596 quoniam
1119 2525 1173 2582 32·

89 2600 170 2682 dixi,
197 2621 283 2663 nuno
310 2599 391 2683 iam,
418 2600 533 2682 quoius
560 2621 656 2665 cauco
683 2600 856 2665 adhibetur
883 2621 921 2664 ea
948 2622 1038 2684 cura,
1068 2601 1107 2667 de

88 2688 196 2752 fructu
221 2688 336 2752 dicam.
382 2686 623 2752 eximendorum
647 2689 796 2754 favorum
820 2690 951 2774 signum
975 2694 1108 2755 sumunt

180 2901 270 2964 aquo
290 2913 353 2952 oras
426 2895 624 2968 optegeniem
647 2897 691 2968 ut]
716 2899 919 2967 progentemue
993 2904 1024 2952 11
1050 2898 1107 2955 sint

92 2971 125 3019 13
145 2966 277 3038 primum]
307 2967 398 3038 primo
418 2984 483 3023 cum
556 2974 590 3022 14
609 2973 797 3039 congregatae
826 2969 883 3024 sint
908 2971 1106 3094 {congregatae

90 3040 156 3091 sunt
180 3038 219 3107 V)
293 3043 326 3093 1e
346 3057 409 3094 cum
434 3055 452 3092 a
468 3038 590 3094 miliario
608 3055 671 3093 cum
690 3037 720 3093 id
737 3042 811 3110 (cum
832 3056 849 3094 a
867 3058 912 3095 me
925 3041 994 3096 lario
1012 3041 1041 3094 id
1065 3041 1106 3110 V)

89 3113 123 3161 20
148 3109 261 3163 easdem
334 3111 364 3164 et
386 3110 467 3164 litam
495 3109 572 3178 Poe,
606 3111 705 3165 elitam
728 3127 822 3183 (φορτ.
900 3117 933 3165 21
958 3111 1106 3181 appositae

89 3184 124 3232 22
154 3179 238 3251 quae]
268 3197 325 3248 qua
397 3187 536 3236 arcanea
554 3198 605 3236 om.

179 3361 195 3410 2
218 3374 303 3425 quum
326 3356 401 3412 foras
431 3357 570 3414 Victorius
615 3330 623 3353 s
651 3359 852 3429 tprogeniem
877 3359 907 3413 in
930 3360 1105 3415 coloniamo

90 3433 122 3480 11
143 3429 209 3480 sunt
226 3445 273 3482 mu
328 3434 362 3482 20
382 3427 487 3484 eisdem
508 3430 658 3487 Iucundos
710 3436 749 3487 21
766 3430 940 3502 apponte-‘o
982 3434 1022 3479 211
1041 3428 1129 3477 cm

85 3513 169 3549 causa
185 3497 336 3554 leccardus

129 3593 215 3634 Varro
228 3605 284 3637 aaa.
299 3607 373 3643 avar.
942 3573 1006 3630 'XX
