2386 3742
136 118 198 183 148
552 118 738 174 VARRONIS
1187 142 1189 211 q

132 264 218 328 cuim
242 263 285 347 id,
308 266 345 326 ut
367 266 466 346 caput
488 264 594 328 molle.
627 263 655 328 si
677 264 757 328 hacc
779 263 882 330 herba
899 284 967 328 non
987 268 1048 349 est,
1072 265 1141 329 dan-

132 353 208 417 dum
232 352 390 417 hordeum
415 355 471 416 aut
493 351 694 417 frumentum
718 352 809 418 aliut
849 374 921 418 cum
945 355 997 418 est
1020 356 1141 437 tempus

102 440 321 526 tfarraginia
354 439 509 525 dandum,
541 444 578 506 ut
609 441 644 504 in
672 440 736 505 seri
763 441 837 506 dixi.
883 463 956 505 cum
983 441 1143 520 incubant

132 530 290 594 hordeum
325 529 365 594 iis
395 529 545 593 intritum
575 530 609 593 in
642 551 725 613 aqua
760 529 995 613 adponendum.
1051 530 1143 614 pullis
1187 526 1189 531 ’

132 618 274 702 primum
298 618 396 682 biduo
419 617 553 701 polenta
576 621 634 680 aut
657 616 815 682 hordeum
838 617 1023 703 adponitur,
1046 620 1143 684 tribus
1163 637 1171 679 r

132 707 289 791 proximis
322 705 518 772 nasturtium
550 705 651 770 viride
679 709 865 770 consectum
893 706 1082 772 minutatim
1110 728 1144 771 ex

133 818 219 880 aqua
241 797 275 859 in
297 817 357 860 vas
377 794 517 879 aliquod.
545 816 617 858 oum
637 798 745 859 autem
764 797 840 859 sunt
862 794 980 859 inclusi
998 795 1035 860 in
1052 797 1143 860 haras
1187 822 1189 829 ·

133 888 190 949 aut
218 885 400 968 speluncas,
428 888 465 946 ut
487 882 567 966 dixi,
593 883 710 962 viceni,
739 882 887 948 obiciunt
915 883 956 947 iis
979 885 1143 967 polentam

131 973 345 1038 hordeaceam
360 974 417 1037 aut
430 970 627 1056 farraginem
644 971 820 1036 herbamve
837 975 984 1036 teneram
1004 973 1142 1057 aliquam

102 1061 302 1136 leoncisam.
349 1060 389 1125 ad
417 1059 631 1143 saginandum
658 1060 783 1144 eligunt
809 1060 916 1143 pullos
945 1061 1171 1126 circitcrsc·1o

132 1150 348 1234 squimensem
371 1148 426 1232 qui
450 1152 526 1212 suut
547 1148 631 1213 nati:
655 1170 710 1214 eos
733 1149 903 1214 includunt
925 1149 962 1213 iu
982 1151 1142 1236 sagmario

131 1238 240 1322 ibique
277 1238 444 1320 polentam
481 1240 514 1300 et
544 1237 701 1322 pollinem
734 1259 819 1322 aqua
851 1237 1037 1304 madefacta
1069 1239 1159 1305 dant

59 1406 62 1412 ἢ
132 1327 249 1404 cibum,
272 1326 320 1389 ita
342 1329 380 1390 ut
402 1329 452 1389 ter
471 1325 522 1390 die
541 1328 697 1390 saturent.
734 1325 910 1390 secundum
928 1327 1038 1391 cibum
1055 1329 1141 1414 large

131 1419 169 1480 ut
190 1415 305 1480 bibant
327 1414 452 1479 faciunt
475 1418 683 1497 potestatem.
719 1415 766 1479 sic
789 1415 893 1479 curati
916 1415 1046 1480 circiter
1068 1417 1141 1481 duo·

131 1504 192 1569 bus
221 1504 386 1568 mensibus
413 1503 496 1566 fiunt
523 1502 669 1586 pingues.
720 1503 1009 1587 quotienscumque
1040 1520 1171 1589 sumpt

132 1596 253 1677 serunt,
275 1592 365 1658 locus
389 1592 474 1656 solet
496 1592 638 1676 purgari,
661 1591 746 1675 quod
767 1592 885 1675 [ipsae]
906 1597 1019 1657 amant
1038 1594 1142 1658 locum

132 1704 249 1766 purum
267 1702 371 1765 neque
389 1680 453 1763 ipsi
471 1680 584 1764 ullum,
607 1680 663 1744 uhi
681 1679 823 1764 fuerunt,
840 1679 1001 1745 relincunt
1019 1703 1143 1764 purum.

85 1785 124 1839 XI
224 1769 287 1846 Qui
310 1772 418 1833 autem
441 1769 555 1833 volunt
578 1789 692 1853 greges
712 1767 858 1833 anutium
875 1769 996 1833 habere
1017 1791 1055 1835 ac
1074 1790 1143 1835 cou-

135 1859 267 1924 stituere
281 1856 540 1940 nessotrophion,
554 1858 694 1941 primum
708 1857 825 1940 locum,
845 1857 921 1942 quoi
935 1860 986 1921 est
999 1857 1144 1941 facultas,

135 1949 256 2033 eligere
271 1947 401 2030 oportet
415 1945 604 2028 palustrem,
623 1945 708 2029 quod
723 1966 760 2010 eo
775 1946 915 2010 maxime
931 1946 1176 2028 delectantun'n

135 2036 164 2100 si
186 2037 219 2101 id
244 2057 319 2119 non,
341 2034 548 2119 potissimum
571 2034 627 2116 ibi,
653 2034 710 2099 ubi
734 2034 775 2098 sit
797 2034 957 2099 naturalis
981 2038 1040 2100 aut
1062 2035 1146 2102 lacus

137 2128 194 2189 aut
223 2128 374 2209 stagnum
402 2127 459 2187 aut
487 2145 584 2187 manu
612 2121 700 2186 fucta
727 2122 864 2206 piscina,
897 2144 961 2207 quo
989 2123 1147 2208 gradatim

107 2212 326 2278 tdeacendere
349 2211 487 2296 possint
533 2215 682 2295 saeptum
710 2211 812 2276 altum
843 2232 913 2275 csse
937 2215 1077 2296 oportet,
1098 2211 1148 2277 ubi

137 2304 319 2383 versentur,
349 2300 389 2364 ad
412 2299 509 2384 pedes
533 2299 953 2385 quindecim,uttvidist1s
977 2301 1019 2365 ad
1040 2301 1148 2366 villum

139 2388 199 2474 Sei,
224 2389 308 2474 quod
327 2411 392 2454 uuo
413 2411 449 2453 os
451 2388 496 2453 tio
451 2388 693 2454 t.claudatur
731 2389 851 2454 circum
869 2391 975 2453 totum
993 2390 1178 2473 pariacus

138 2478 330 2544 intrinsecus
361 2477 490 2561 crepido
517 2478 565 2541 lat
566 2500 598 2561 a,
632 2477 667 2541 in
696 2499 759 2562 qua
788 2477 961 2542 secundum
991 2478 1150 2561 parietem

139 2568 205 2632 sint
236 2571 324 2632 tecta
359 2566 492 2632 cubilia:
530 2569 604 2630 aute
633 2588 672 2630 ea
698 2570 770 2632 vest
756 2566 896 2631 tibulum
924 2587 1035 2631 earum
1064 2588 1150 2632 exae-

138 2661 273 2740 quatum
292 2655 431 2721 tectorio
451 2677 546 2738 opere
565 2656 751 2720 testaceo.
741 2677 776 2719 m
795 2676 833 2719 eo
849 2658 1007 2739 perpetua
1021 2656 1150 2738 canalis,

111 2745 172 2807 in
200 2767 297 2829 quam
325 2749 358 2807 et
386 2744 476 2809 cibus
508 2743 675 2825 inponitur
706 2743 748 2808 iis
783 2747 815 2807 et
846 2743 1023 2808 inmittitur
1056 2765 1150 2829 aqua:

230 2906 243 2954 1
264 2899 331 2954 erba
386 2906 402 2955 3
421 2900 450 2953 in
469 2898 534 2954 serii
552 2898 661 2967 (inserit
680 2901 840 2970 apographa
858 2900 1020 2968 recentiora)
1072 2907 1089 2956 6
1107 2915 1151 2955 nu·

141 2971 275 3027 sturcium
334 2971 457 3027 8uioiui
522 2976 555 3024 10
574 2970 762 3038 sesquimense
782 2972 830 3038 qui
848 2974 912 3026 sunt
929 2973 1000 3026 natu
1062 2978 1095 3027 13
1113 2975 1153 3026 ter

140 3043 199 3115 die]
218 3059 268 3114 per
287 3041 348 3098 dies
432 3046 465 3095 1⁷
484 3040 550 3112 ipsi]
571 3041 649 3110 ipsae
736 3047 768 3096 19
788 3040 837 3109 qui
855 3042 898 3096 est
982 3046 1017 3096 25
1038 3041 1098 3114 Sei]
1118 3041 1152 3096 sit

141 3120 175 3168 15
194 3116 286 3169 hostio
305 3113 389 3183 (ostio
412 3112 450 3182 V)
492 3117 525 3166 17
541 3113 606 3166 sunt
660 3113 706 3184 ea]
723 3129 769 3167 eas
805 3117 839 3166 18
854 3113 959 3168 testato
996 3110 1152 3183 1911111111-

140 3188 187 3240 tur
205 3185 252 3273 iis]
271 3186 385 3268 ponitur
403 3183 431 3238 iu
450 3183 486 3237 111

233 3333 265 3382 13
287 3328 332 3381 ter
355 3325 400 3380 die
421 3325 570 3381 Columella
592 3324 681 3379 VIII
697 3330 746 3393 14,
771 3330 804 3380 11
879 3325 945 3380 17
936 3343 966 3395 up
968 3325 993 3380 11
1010 3325 1155 3383 Iummdus

127 3403 167 3451 19
192 3399 240 3454 cur'
258 3399 304 3454 cst
326 3399 385 3457 cod
406 3397 474 3455 Por.
548 3394 703 3450 1111111111
719 3394 768 3450 Sei
785 3397 931 3452 1111111111
1003 3398 1156 3453 11111111

113 3474 158 3522 27
175 3472 248 3528 ante
267 3489 303 3529 ca
324 3473 484 3531 Iracundus
558 3473 596 3525 18
612 3467 742 3524 testaceo
757 3483 785 3521 o
