2386 3742
454 119 661 177 PRAEFATIO
1022 120 1075 176 VII

56 270 140 334 tiani
161 273 193 333 et
212 267 353 332 editione
372 266 510 332 Victorii
529 267 564 331 in
581 269 689 330 vetere
709 265 817 330 codice
837 266 959 350 scripta
974 267 1075 331 fuisse

47 359 140 422 -mihi
170 358 349 441 apparebat
375 378 543 441 ponerem,
589 356 645 419 ubi
674 377 755 438 opus
784 376 854 420 esse
881 357 988 420 visum
1017 362 1075 438 est,

58 448 285 512 dissentientes
306 446 458 510 Politiani
477 450 510 511 et
529 444 792 529 apographorum
810 444 965 509 lectiones
985 445 1075 510 uncis

57 537 199 601 inclusas
229 535 337 600 addidi
366 535 432 617 vel,
459 534 517 598 ubi
540 534 648 597 minus
672 538 797 597 certum
820 534 973 598 iudicium
998 539 1076 618 erat,

58 631 230 709 utramque
257 624 430 689 lectionem
459 623 550 687 iuxta
577 623 681 707 posui.
722 623 756 685 in
784 644 848 705 quo
877 645 915 686 ea
943 646 1025 707 quae
1057 646 1077 688 a

58 714 223 778 Politiano
251 713 286 776 in
313 713 458 796 principe
488 711 629 777 editione
657 716 785 775 mutata
811 734 878 776 non
906 717 1000 776 erant
1024 713 1077 778 ad-

59 803 182 885 scripta
211 803 240 868 V
271 802 394 883 littera,
428 823 510 887 quae
543 823 581 865 ex
615 801 723 865 codice
754 799 967 866 adnotaverat
998 805 1077 867 nota

59 892 200 957 nominis
224 891 291 955 Pol.
314 891 504 974 significavi.
551 912 748 974 quamquam
771 911 874 973 neque
898 891 1017 975 omnia,
1043 892 1077 956 in

61 980 178 1064 quibus
208 1003 227 1044 a
252 980 415 1044 Politiano
444 979 634 1043 testimonia
662 978 924 1062 apographorum
954 979 1078 1044 dissen-

59 1071 199 1149 tiebant,
232 1068 402 1152 adnotavi,
435 1069 492 1132 sed
521 1069 638 1147 multa,
671 1069 705 1130 in
734 1068 852 1151 quibus
886 1068 1077 1134 manifestus

60 1162 131 1222 erat
155 1157 310 1222 Politiani
333 1156 385 1222 vel
412 1157 620 1222 librariorum
645 1178 752 1234 error,
783 1157 894 1238 omisi,
916 1179 1019 1241 neque
1042 1159 1077 1222 in

59 1247 121 1329 his,
145 1247 178 1310 in
204 1247 321 1330 quibus
345 1251 515 1330 utramque
541 1247 713 1311 lectionem
731 1247 835 1330 posui,
859 1268 985 1331 causae,
1008 1248 1078 1332 qui-

60 1336 120 1400 bus
149 1340 332 1399 commotus
361 1335 510 1400 alterutri
539 1335 726 1400 testimonio
755 1335 910 1399 maiorem
939 1337 1077 1401 auctori-

61 1428 164 1488 tatem
187 1425 366 1508 tribuerim,
389 1424 526 1488 indicari
549 1428 733 1507 potuerunt.

150 1511 399 1577 Emendationis
423 1513 530 1577 studia
559 1513 786 1597 antiquissima
814 1512 850 1576 in
873 1511 1021 1577 Parisino
1046 1517 1079 1578 et

60 1602 94 1664 in
117 1601 262 1666 Mediceo
287 1602 396 1667 codice
422 1610 589 1686 apparent.
634 1601 658 1665 ii
687 1603 872 1666 enimcum
897 1623 993 1685 saepe
1017 1603 1079 1667 dis·

62 1691 274 1754 sentientibus
302 1691 435 1774 roliquis
464 1692 556 1755 libris
584 1692 668 1755 inter
696 1713 730 1755 se
759 1691 980 1774 consentiant,
1008 1697 1080 1756 tum

61 1800 175 1861 pauca,
194 1801 276 1863 quae
294 1780 330 1843 in
348 1781 415 1844 illis
436 1783 590 1863 corrupta
609 1783 695 1863 sunt,
718 1781 891 1844 emendata
909 1781 1078 1865 exhibent3

62 1868 96 1931 in
125 1869 197 1931 aliis
228 1891 311 1934 unus
342 1868 505 1933 Mediceus
537 1869 637 1933 codex
669 1869 874 1933 emendatam
907 1869 1078 1934 lectionem

62 1959 207 2040 praebet.
253 1979 291 2021 ea
324 1959 433 2022 omnia
466 1959 569 2041 igitur
601 1979 674 2022 cum
705 1959 753 2021 ita
785 1961 974 2040 comparata
1005 1959 1079 2042 sint,

62 2052 98 2109 ut
121 2046 309 2110 coniectura
332 2047 427 2111 facile
449 2047 583 2110 inveniri
601 2048 776 2130 potuerint,
800 2068 865 2110 non
885 2068 924 2110 ex
943 2047 1079 2130 antiqua

62 2135 270 2218 incorruptae
295 2136 474 2220 scripturae
498 2136 656 2201 memoria
678 2136 861 2219 repetenda,
886 2136 942 2199 sod
971 2158 1079 2201 emen-

63 2223 202 2287 dationis
238 2225 345 2288 studio
373 2225 547 2289 tribuenda
575 2247 644 2288 esse
673 2224 753 2289 dico.
798 2247 875 2288 nam
903 2247 942 2288 ex
970 2226 1079 2290 arohe-

8 2311 11 2315 ’
63 2316 141 2395 typo
170 2312 248 2375 olim
276 2312 404 2379 videtur
432 2314 659 2400 apographum
693 2336 767 2378 oum
797 2313 1079 2378 emendationibus

63 2401 227 2465 nonnullis
250 2404 369 2466 veteris
394 2405 574 2486 scripturae
596 2403 719 2467 factum
744 2424 827 2485 esse,
856 2425 895 2466 ex
920 2424 1080 2486 quocum

64 2489 178 2552 deinde
210 2494 377 2574 tamquam
410 2513 449 2555 ex
476 2491 641 2556 communi
663 2491 759 2556 fonte
789 2495 822 2555 et
850 2491 1017 2556 Parisinus
1049 2497 1081 2556 et

64 2576 226 2642 lllediccus
256 2578 493 2663 derivarentur,
522 2603 561 2644 ea
589 2602 670 2664 quae
700 2581 735 2644 in
758 2580 816 2644 illo
841 2579 963 2663 scripta
987 2585 1081 2645 erant

65 2666 101 2728 ad
122 2671 295 2751 utrumque
314 2669 434 2733 librum
452 2674 635 2753 propagata
654 2674 744 2754 sunt3
763 2671 797 2733 in
812 2668 954 2733 Mediceo
972 2675 1080 2734 autem

64 2755 172 2819 codice
208 2757 494 2842 neglegentissime
528 2759 648 2841 scripto
681 2763 713 2822 et
745 2759 894 2841 plurimis
927 2759 1080 2843 gravissi·

64 2845 187 2927 misque
230 2846 536 2930 interpolationibus
573 2848 749 2929 depravato
782 2849 886 2910 multa
917 2852 1080 2933 corrupta,

65 2933 221 3015 quaedam
249 2939 359 2999 tamen
387 2941 474 3000 recte
505 2936 674 3000 emendata
698 2939 784 3015 sunt,
809 2957 892 3019 quae
916 2937 1081 3019 adscripta

63 3041 94 3086 m
118 3022 228 3086 littera
251 3023 402 3089 indicavi.

152 3110 243 3175 Editi
272 3118 348 3177 sunt
377 3112 536 3178 Varronis
569 3113 645 3176 libri
680 3135 745 3177 una
777 3134 849 3177 cum
882 3114 1080 3196 reliquorum

65 3199 261 3282 scriptorum
288 3202 328 3265 de
356 3224 391 3265 ro
419 3204 541 3266 rustica
570 3201 662 3266 libris
693 3202 1081 3286 primuma.1472Ve-

64 3288 160 3352 netiis
177 3291 263 3371 apud
277 3289 451 3355 Nicolaum
465 3291 650 3374 Iensonum,
665 3290 717 3355 cui
732 3290 869 3355 editioni
888 3290 1080 3375 Georgius

64 3374 213 3442 Merula
240 3380 390 3462 praefuit
435 3379 464 3444 is
498 3381 649 3468 quamuis
680 3401 817 3446 summa
839 3378 992 3442 boantis,
1013 3397 1105 3435 assa

64 3465 106 3560 sit
132 3470 166 3529 et
187 3467 332 3550 plurima
361 3475 488 3540 tem'ere
520 3473 729 3558 mutaverit,
746 3477 875 3537 tamen
889 3464 1025 3535 ramma
1041 3470 1136 3531 aasz
