2386 3742
318 127 449 184 RERVM
466 127 702 186 RVSTIGARVM
720 130 788 186 LIB.
806 129 832 185 Il
850 136 867 184 2
1056 130 1100 196 85

82 272 272 339 admissura
293 272 348 358 fit,
374 273 487 340 eadem
509 296 593 358 aqua
616 276 665 340 uti
688 277 829 360 opoitet,
861 275 946 359 quod
969 297 1100 341 conmu-

81 362 172 429 tatio
208 365 243 428 et
278 361 387 428 lanam
418 362 500 429 facit
530 364 654 429 variam
686 368 719 428 et
752 364 932 448 corrumpit
964 370 1101 431 uterum.

83 473 162 517 cum
180 471 294 516 omncs
311 456 537 537 conceperunt,
554 474 665 518 ruraua
684 453 801 518 arietes
819 454 1015 538 secernendi,
1034 456 1100 519 iam

82 539 183 606 factis
204 541 439 626 praegnatibus
462 540 547 627 quod
571 545 648 607 sunt
669 541 809 619 molesti,
832 542 960 607 obsunt.
996 565 1101 628 neque

55 628 158 715 apati
179 631 308 713 oportet
334 631 477 696 minores
499 651 597 714 quam
619 631 725 696 bimas
748 630 854 714 saliri,
882 631 968 714 quod
996 654 1101 716 neque
1159 657 1165 664 ·

83 720 202 782 natum
233 739 273 782 ex
303 718 356 784 hia
387 718 540 784 idoneum
571 724 630 802 est,
661 740 766 803 neque
797 740 863 783 non
895 721 987 803 ipsae
1019 721 1101 785 fiunt

85 807 279 892 deteriorem
314 810 348 872 et
378 828 446 872 non
476 808 627 873 meliores
661 829 758 891 quam
785 808 902 872 trimae
928 807 1099 874 admissae.

84 895 253 961 deterrent
273 895 317 960 ab
340 895 497 981 saliendo,
520 899 580 977 [et]
600 895 740 962 fiscellas
759 918 778 961 e
795 896 890 961 iunco
910 897 1013 962 aliave
1036 920 1101 980 qua

80 1006 121 1050 >re
145 984 232 1070 quod
260 983 400 1070 alligant
426 985 468 1050 ad
489 989 657 1051 naturam:
697 984 897 1052 commodius
920 992 1100 1071 servantur,

40 1097 71 1138 ιο
85 1075 116 1140 si
141 1077 284 1139 secretas
305 1077 454 1158 pascunt.

176 1161 218 1227 In
243 1163 417 1247 nutricatu,
446 1184 521 1229 cum
546 1184 661 1246 parere
688 1167 877 1247 coeperunt,
911 1163 1043 1248 inigunt
1065 1164 1152 1229 in15

85 1251 233 1335 stabula,
265 1273 366 1336 eaque
396 1251 521 1316 habent
554 1251 594 1316 ad
626 1274 698 1318 eam
725 1274 794 1316 rem
821 1253 960 1336 seclusa,
990 1253 1100 1338 ibique

83 1344 167 1406 nata
193 1340 337 1405 recentia
362 1340 404 1404 ad
430 1341 541 1425 ignem
562 1362 665 1425 prope
687 1345 828 1424 ponunt,
854 1341 962 1427 quaed
984 1363 1100 1406 conva-

84 1430 227 1494 luerunt.
271 1427 407 1494 biduum
434 1433 491 1494 aut
517 1429 661 1494 triduum
689 1429 845 1513 retinent,
877 1429 953 1493 dum
984 1431 1099 1514 adcog-

42 1541 71 1583 15
85 1521 228 1583 noscant
252 1521 392 1582 matrem
420 1518 497 1603 agni
528 1522 561 1582 et
582 1517 703 1604 pabulo
727 1539 761 1582 se
783 1521 940 1584 saturent.
985 1517 1100 1582 deinde

85 1613 210 1672 matres
237 1628 311 1671 cnm
339 1627 439 1692 grege
461 1610 593 1693 pastum
619 1606 793 1691 prodeunt,
819 1607 962 1670 retinent
989 1626 1101 1690 agnos,

86 1696 128 1760 ad
152 1717 234 1779 quos
257 1717 330 1760 cum
352 1696 504 1761 reductae
527 1695 568 1760 ad
590 1717 778 1780 vesperum,
807 1696 938 1760 aluntur
961 1696 1044 1760 lacte
1067 1699 1100 1760 et

70 1806 201 1849 ¹rursus
220 1784 453 1869 discernuntur,
470 1806 511 1848 ne
530 1788 630 1849 noctu
649 1808 669 1849 a
687 1784 846 1848 matribus
865 1786 1100 1850 conculcentur.

86 1873 152 1938 hoc
176 1873 255 1937 item
276 1873 400 1938 faciunt
422 1895 528 1957 mane,
549 1878 722 1957 antequam
744 1878 866 1938 matres
887 1875 922 1937 in
944 1874 1100 1957 pabulum

46 1984 73 2026 ao
88 1965 216 2041 exeant,
238 1965 275 2025 ut
297 1963 374 2045 agni
397 1963 508 2027 satulli
525 1963 608 2027 fiant
627 1963 721 2026 lacte.
756 1962 884 2027 circiter
903 1963 1012 2026 decem
1031 1960 1099 2026 dies
1111 1969 1152 2026 16

87 2072 163 2115 cum
190 2052 439 2135 praeterierunt,
466 2051 561 2135 palos
589 2050 730 2134 offigunt
758 2053 791 2115 et
819 2051 860 2115 ad
883 2072 939 2114 eos
962 2048 1101 2134 alligant

87 2139 174 2204 libro
199 2143 256 2203 ant
277 2160 342 2223 qua
365 2140 430 2204 alia
453 2162 487 2204 re
509 2140 573 2205 levi
596 2139 768 2217 distantes,
795 2161 836 2203 ne
864 2142 934 2204 toto
958 2139 1010 2203 die
1032 2161 1100 2203 cur·

88 2230 200 2292 santes
230 2228 317 2292 inter
346 2250 380 2292 se
408 2229 512 2294 teneri
541 2227 685 2294 delibent
716 2227 840 2313 aliquid
872 2229 1100 2293 membrorum.

89 2318 117 2381 si
141 2316 182 2380 ad
204 2316 319 2380 matris
338 2339 513 2382 mammam
533 2340 599 2383 non
618 2318 757 2394 accedet,
780 2318 951 2384 admovere
970 2321 1101 2403 oportet

46 2427 73 2469 aa
88 2407 122 2469 et
145 2404 240 2469 labra
267 2405 344 2489 agni
373 2427 516 2491 unguere
539 2407 658 2472 buturo
683 2409 740 2469 aut
763 2407 856 2489 adipe
879 2406 977 2470 suilla
999 2411 1032 2470 et
1055 2406 1100 2471 ol-

86 2492 194 2558 facere
225 2494 319 2558 labra
349 2493 442 2559 lacte.
497 2495 609 2560 diebus
642 2499 716 2578 post
749 2496 860 2578 paucis
898 2495 1023 2558 obicere
1058 2494 1100 2557 iis

86 2581 204 2647 viciam
219 2582 366 2647 molitam
390 2587 446 2647 aut
463 2583 597 2648 herbam
616 2586 772 2667 teneram,
791 2587 963 2665 antequam
983 2585 1101 2646 exeunt

86 2677 217 2754 pastum
240 2674 369 2735 etcum
391 2676 601 2738 reverterunt.
637 2678 670 2736 et
693 2671 740 2736 sic
757 2672 971 2753 nutricantur,
995 2670 1098 2754 quaad
1112 2678 1153 2736 17

86 2759 168 2823 iacti
195 2763 271 2823 aunt
300 2760 560 2842 quadrimestres.
614 2761 739 2825 interea
770 2764 891 2825 matres
921 2782 1033 2824 eorum
1060 2760 1101 2823 iis

46 2847 291 2930 cotemporibus
314 2869 380 2912 non
403 2850 550 2933 mulgent
572 2849 716 2932 quidam,
745 2850 799 2932 qui
822 2849 855 2912 id
878 2847 1004 2931 melius,
1034 2870 1101 2913 om-

177 3037 283 3110 Biam]
301 3039 344 3093 ita
404 3039 661 3110 dpraegnantibus
721 3046 753 3095 13
771 3041 879 3109 ponant
933 3045 966 3093 14
985 3041 1045 3109 aut]
1064 3041 1101 3093 ad

88 3114 122 3164 15
142 3111 273 3164 saturant
341 3116 374 3164 18
393 3111 587 3165 discernentur
653 3117 687 3165 22
707 3112 849 3166 destantes
908 3118 942 3167 21
962 3109 1101 3181 teneram]

84 3179 224 3234 tenetiam
295 3181 455 3252 nequead]
475 3182 606 3252 quodad
640 3182 644 3186 ’
679 3187 713 3236 30
733 3184 878 3251 mulgeant
947 3182 991 3253 id]
1010 3183 1042 3235 ut

139 3401 146 3414 .
179 3346 212 3395 13
230 3341 372 3411 ponunto
469 3347 503 3396 14
520 3341 638 3397 biduum
656 3346 707 3397 aut
724 3342 848 3397 triduum
866 3359 914 3396 mo
971 3358 973 3363 ·
1006 3346 1038 3395 15
1057 3357 1101 3393 aa·

83 3413 183 3466 tarent
199 3429 247 3467 mu
352 3417 385 3466 18
404 3411 600 3470 discemuutur
618 3416 678 3472 cod.
700 3414 771 3471 Par.
858 3420 896 3468 ‘11
912 3414 1053 3466 teneram
1063 3425 1119 3461 aaa

81 3488 119 3535 30
132 3481 262 3550 mulgent
277 3483 430 3540 Iucundua
