2386 3742
118 112 162 182 28
531 39 715 182 istuis

120 269 253 335 omnino
285 293 371 355 aqua
401 293 467 336 non
495 274 544 336 est
572 272 659 349 viva,
692 272 850 335 cisternae
878 270 1045 336 faciendae
1074 271 1138 336 sub

119 360 215 424 tectis
244 362 277 424 et
305 361 395 424 lacus
424 360 484 423 sub
515 360 582 441 dio,
614 382 654 423 ex
681 360 784 425 altero
811 361 884 424 loco
912 363 950 423 ut
978 360 1138 442 homines,

60 463 113 518 XII
123 469 161 513 ex
185 448 288 512 altero
312 452 349 512 ut
370 470 468 533 pecus
486 449 537 513 uti
554 449 668 531 possit.
705 448 811 513 danda
831 470 930 533 opera
946 452 985 513 ut
1002 448 1138 532 potissi-

122 559 211 600 mum
236 537 295 602 sub
318 537 480 602 radicibus
498 537 620 601 montis
640 536 800 601 silvestris
820 537 931 601 villam
948 541 1061 620 ponat,
1081 536 1138 600 ubi

119 626 286 709 pastiones
310 627 377 690 sint
399 627 502 709 laxae,
525 627 603 689 item
626 630 799 690 utcontra
822 630 946 710 ventos,
971 626 1026 709 qui
1050 626 1137 690 salu·
1162 647 1173 688 1

119 713 252 778 berrimi
279 715 314 778 in
343 735 421 799 agro
449 714 584 780 flabunt.
625 735 707 797 quae
735 714 845 797 posita
868 717 918 778 est
941 715 982 778 ad
1006 717 1138 799 exortos

120 803 382 887 aequinoctiales,
405 803 585 887 aptissima,
608 801 694 886 quod
714 804 839 867 aestate
858 803 959 867 habet
976 803 1139 888 umbram,

119 891 226 955 hieme
251 894 361 957 solem.
398 893 449 956 sin
473 911 590 976 cogare
615 890 791 955 secundum
814 891 934 955 flumen
957 890 1138 973 aedificare,

121 980 298 1045 curandum
326 1001 367 1044 ne
394 980 563 1045 adversam
592 1000 663 1043 earn
690 1001 809 1062 ponas:
836 979 945 1043 hieme
971 979 1057 1043 enim
1081 980 1139 1044 fiet

91 1068 326 1134 2vehementer
352 1068 471 1153 frigida
499 1072 532 1132 et
554 1071 678 1133 aestate
705 1089 770 1133 non
795 1068 944 1134 salubris.
989 1067 1138 1133 111111111-
1152 1089 1175 1128 11

120 1157 311 1221 vertendum
330 1157 437 1241 etiam,
457 1157 550 1241 siqua
570 1161 664 1221 erunt
682 1156 755 1220 loca
768 1157 937 1240 palustria,
956 1160 989 1220 et
1002 1160 1139 1240 propter

120 1245 251 1308 easdem
275 1267 404 1330 causas,
431 1249 465 1308 et
487 1245 574 1328 quod
598 1247 775 1326 [arescunt]
806 1249 955 1309 crescunt
982 1245 1139 1309 animalia

121 1333 280 1417 quaedam
308 1335 449 1416 minuta,
483 1355 565 1417 quae
593 1355 659 1398 non
692 1337 830 1417 possunt
858 1333 942 1398 oculi
972 1335 1139 1418 consequi,

122 1425 155 1485 et
174 1444 233 1506 per
253 1444 327 1486 aera
345 1423 434 1487 intus
453 1422 488 1485 in
507 1444 622 1505 corpus
641 1443 699 1505 per
718 1444 754 1487 os
775 1443 925 1486 sonares
944 1423 1137 1506 perveniunt

121 1514 219 1594 atque
242 1511 387 1576 efficiunt
405 1510 546 1575 difficilis
565 1511 705 1575 morbos.
742 1509 941 1592 Fundanius,
960 1511 1043 1587 Quid
1062 1515 1136 1596 pot·
1151 1533 1176 1574 11

122 1621 190 1683 ero,
218 1600 337 1683 inquit,
365 1600 485 1683 facere,
511 1599 538 1663 si
561 1598 656 1663 istius
687 1598 776 1663 modi
798 1600 845 1663 mi
868 1599 987 1663 fundus
1010 1599 1138 1664 heredi·

121 1688 183 1751 tati
211 1687 391 1771 obvenerit,
420 1709 483 1772 quo
512 1688 618 1752 minus
642 1687 830 1771 pestilentia
858 1688 996 1752 noceat?
1046 1687 1139 1753 Istuc

121 1777 173 1840 uel
201 1797 262 1860 ego
294 1799 429 1860 possum
457 1776 667 1859 respondere,
700 1776 808 1859 inquit
839 1776 973 1860 Agrius:
1006 1776 1139 1858 vendas,

91 1867 203 1947 3qu0t
234 1865 361 1930 assibus
393 1866 514 1948 possis,
548 1869 604 1928 aut
631 1865 659 1928 si
686 1886 842 1948 nequeas,
869 1865 1045 1948 relinquas.
1092 1865 1139 1929 At

122 1950 248 2038 Scrofa,
280 1954 471 2036 Vitandum,
503 1954 623 2037 inquit,
655 1974 695 2016 ne
723 1954 757 2017 in
786 1974 841 2017 eas
873 1958 983 2038 partes
1011 1957 1139 2039 spectet
1153 1977 1179 2016 so

121 2042 211 2126 villa,
240 2043 398 2126 equibus
426 2046 542 2106 ventus
576 2041 707 2126 gravior
739 2043 791 2122 [ex
819 2041 859 2105 iis
888 2042 1051 2125 partibus]
1082 2043 1165 2117 adr

120 2130 200 2195 flare
230 2132 347 2214 soleat,
379 2152 458 2195 neve
490 2131 525 2195 in
557 2130 697 2194 convalli
732 2151 812 2194 cava
840 2134 874 2194 et
901 2135 937 2194 ut
964 2131 1075 2214 potius
1103 2131 1139 2194 in

123 2219 255 2283 sublimi
278 2219 350 2284 loco
375 2217 538 2302 aedifices,
568 2219 624 2302 qui
648 2218 733 2302 quod
756 2218 925 2302 perflatur,
955 2218 1062 2303 siquid
1088 2223 1141 2284 est

123 2306 208 2390 quod
232 2307 453 2371 adversarium
476 2307 644 2389 inferatur,
666 2307 796 2371 facilius
820 2307 1002 2372 discutitur.
1042 2329 1140 2391 prae-

122 2402 212 2459 terea
240 2396 326 2479 quod
349 2418 369 2459 a
392 2396 459 2460 sole
485 2399 557 2461 toto
581 2395 633 2459 die
655 2396 863 2474 inlustratur,
892 2395 1053 2461 salubrior
1077 2400 1140 2480 est,
1155 2419 1181 2460 25

125 2484 238 2568 [quod]
271 2487 304 2548 et
336 2484 508 2570 bestiolae,
541 2484 652 2569 siquae
684 2506 785 2569 prope
817 2488 995 2549 nascuntur
1023 2487 1055 2548 et
1089 2485 1141 2549 in-

122 2572 283 2657 feruntur,
321 2577 378 2638 aut
416 2572 567 2637 afflantur
603 2577 659 2637 aut
695 2572 856 2636 aritudine
889 2574 954 2637 cito
992 2577 1142 2657 pereunt.

92 2661 227 2726 4nimbi
249 2661 411 2746 repentini
434 2684 471 2726 ac
489 2666 651 2727 torrentes
673 2661 764 2726 fluvii
786 2660 960 2745 periculosi
982 2661 1060 2744 illis,
1083 2663 1142 2746 qui

212 2877 228 2925 3
248 2869 371 2925 dandam
391 2887 504 2940 oporam
594 2870 711 2941 bitem]
731 2870 773 2925 ita
863 2878 878 2925 9
898 2869 1049 2924 aduersum
1074 2888 1142 2926 eum

124 2947 158 2995 10
177 2941 469 3011 animaduertendum]
490 2942 673 2996 auertendum
717 2947 751 2996 20
770 2941 800 2996 in
819 2943 1009 3011 campartem
1046 2945 1082 2996 23
1103 2943 1143 2996 si-

123 3012 204 3083 quid]
224 3014 325 3081 siquod
396 3019 430 3068 25
450 3029 468 3067 1
486 3014 545 3068 sole
565 3014 612 3083 (ab
631 3013 690 3068 sole
715 3013 753 3081 V)

213 3197 229 3244 3
249 3189 342 3245 danda
360 3206 446 3259 opera
463 3206 490 3244 m
591 3196 607 3244 9
627 3190 775 3246 adversum
794 3206 855 3244 eam
873 3205 962 3259 ponas
982 3189 1144 3246 Pontedera

124 3262 210 3331 antiq.
225 3277 256 3331 p.
271 3265 307 3316 99
372 3266 406 3314 10
425 3259 628 3314 aduertendum
647 3277 673 3315 aa
724 3266 770 3314 -12
790 3263 919 3315 arescunt
937 3261 1034 3315 deleuit
1053 3262 1142 3316 Zabi-

114 3334 237 3396 feldta‘us
252 3339 356 3400 quaest.
371 3333 432 3387 crit.
451 3332 483 3385 iu
505 3331 585 3387 Varr.
605 3349 657 3386 rer.
675 3337 743 3387 rust.
763 3332 824 3386 libr.
840 3349 870 3400 p.
892 3336 928 3387 18
1000 3336 1090 3385 2011
1109 3332 1142 3387 11

86 3405 278 3525 1232}ae
297 3405 412 3473 spectet
431 3400 510 3472 uilla,
531 3401 664 3474 equibus
680 3403 784 3458 uentus
801 3403 913 3472 1111111
932 3402 1029 3456 afflare
1048 3404 1144 3458 soleat
