2386 3742
248 109 380 164 RERVM
397 107 633 164 Rvsrlcnsvm
650 108 717 166 LIB.
731 109 744 162 I
758 113 863 164 oc-os
1022 107 1065 172 65

52 278 135 341 quas
160 258 278 320 vocant
301 255 395 339 sirus,
417 255 510 319 utin
533 253 743 339 Cappadocia
765 276 803 319 ac
827 255 980 338 Thracia3
1011 254 1068 318 alii

51 348 180 430 puteos,
202 348 241 409 ut
263 345 297 408 in
319 343 481 428 Hispania
504 343 652 408 citeriore
677 346 740 426 [ut]
768 345 803 408 in
827 364 907 428 agro
931 341 1067 408 Cartha·

53 433 197 519 giniensi
220 437 253 497 et
275 431 417 498 Oscensi.
462 433 580 497 horum
604 433 709 498 solum
732 434 835 517 paleis
855 435 1068 499 substernunt

54 527 87 588 et
115 526 239 587 curant·
257 543 298 586 ne
326 543 421 587 umor
448 525 504 585 aut
527 543 583 586 aer
604 525 738 608 tangere
761 523 880 606 possit,
907 523 972 588 nisi
996 543 1067 587 cum

30 629 41 670 s
53 612 217 695 promitur
244 610 285 676 ad
311 632 416 675 usum.
461 632 525 694 quo
554 611 639 674 enim
668 611 800 695 spiritus
823 633 890 676 non
913 611 1069 696 pervenit,

54 701 102 766 ibi
123 721 192 765 non
215 699 319 765 oritur
341 699 493 765 curculio.
530 699 577 764 sic
600 699 767 764 conditum
789 701 935 764 triticum
958 702 1069 764 manet

54 790 106 855 vel
125 810 228 853 annos
247 787 282 872 L,
304 788 431 853 milium
449 809 525 853 vero
544 789 617 872 plus
637 811 740 854 annos
760 787 795 855 Ο.
832 811 931 873 supra
948 792 1098 855 terraml

55 877 209 964 granaria
222 877 257 941 in
266 897 346 962 agro
361 877 493 961 quidam
508 877 660 942 sublimia
670 878 803 962 faciunt,
816 881 853 941 ut
863 879 898 942 in
907 877 1070 961 Hispania

55 967 206 1032 citeriora
225 969 258 1030 at
276 966 310 1030 in
329 965 449 1050 Apulia
467 964 608 1050 quidam,
627 988 708 1050 quae
726 989 791 1032 non
808 967 914 1031 solum
930 966 1070 1032 alatori-

21 1077 42 1119 10
55 1057 117 1121 bus
151 1077 209 1139 per
240 1053 400 1120 fanestras
434 1056 490 1120 sed
522 1056 621 1136 etiam
655 1056 768 1121 subtus
802 1078 820 1119 a
850 1056 921 1121 solo
953 1057 1070 1120 ventus

54 1144 250 1228 refrigerare
273 1145 386 1227 possit.
422 1143 499 1208 faba
521 1149 550 1208 et
570 1145 737 1228 legumina
759 1146 794 1209 in
812 1145 942 1211 oleariis
961 1143 1047 1210 vasis
1057 1158 1147 1214 LVIII

55 1233 161 1300 oblita
184 1233 290 1300 cinere
314 1231 427 1316 perdiu
450 1232 627 1297 incolumia
649 1237 828 1299 servantur.

147 1319 230 1387 Cato
248 1322 297 1386 ait
314 1344 411 1386 uvam
430 1321 615 1386 aminneam
634 1323 848 1388 minusculam
863 1326 895 1388 et
915 1323 1072 1388 maiorem

56 1414 90 1476 et
121 1410 262 1494 spiciam
292 1410 327 1474 in
359 1410 433 1474 ollis
466 1410 727 1476 commodissime
755 1411 862 1477 condi:
894 1412 1006 1475 eadem
1038 1412 1073 1474 in

12 1504 44 1562 is
58 1521 140 1583 sapa
164 1503 198 1564 et
219 1503 328 1565 musto
351 1502 451 1563 recte:
475 1521 554 1583 quas
578 1500 756 1583 suspendas
780 1499 1072 1584 opportunissimas

58 1610 131 1654 esse
162 1588 333 1652 duracinas
364 1591 396 1652 et
426 1589 593 1653 aminneas
624 1589 849 1669 [scantianas].
895 1587 933 1652 de
965 1588 1072 1671 pomis
1082 1604 1145 1658 mx

59 1677 232 1759 conditiva,
251 1677 339 1741 mala
358 1676 515 1760 struthea,
533 1681 677 1762 cotonea,
696 1679 874 1761 scantiana,
892 1676 1074 1758 scaudiana,

59 1765 245 1832 orbiculata
268 1770 301 1829 et
324 1787 405 1849 quae
425 1769 521 1830 antea
539 1770 666 1831 mustea
688 1768 859 1849 vocabant,
880 1788 965 1831 nunc
984 1766 1075 1830 meli-

60 1855 148 1919 mela
176 1854 355 1938 appellant,
382 1854 463 1919 haec
491 1856 601 1920 omnia
628 1857 661 1921 in
689 1857 761 1921 loco
785 1856 875 1921 arido
900 1858 933 1919 et
955 1855 1075 1938 frigido

10 1959 47 2009 *o
61 1965 163 2029 supra
193 1944 304 2026 paleas
341 1944 452 2028 posita
484 1945 607 2008 servari
639 1948 727 2009 recte
758 1947 883 2028 putant.
939 1947 972 2007 et
1003 1942 1076 2006 ideo

61 2032 278 2117 oporothecas
312 2033 367 2116 qui
396 2032 530 2116 faciunt,
565 2032 605 2097 ad
635 2033 819 2118 aquilonem
846 2036 883 2096 ut
912 2031 1073 2096 fenestras

60 2122 208 2187 habeant
231 2125 326 2203 atque
349 2126 386 2186 ut
409 2143 466 2186 eae
489 2122 665 2206 perflantur
689 2124 812 2205 curant,
839 2141 942 2205 neque
965 2125 1075 2184 tamen

62 2211 133 2275 sine
162 2210 322 2293 forioulis,
351 2232 402 2293 ne,
432 2233 507 2274 cum
536 2232 682 2277 umorem
713 2211 890 2294 amiserint,
919 2209 1077 2293 pertinaci

61 2303 161 2364 vento
185 2299 273 2363 vieta
295 2299 389 2383 fiant3
431 2299 566 2383 ideoque
590 2301 624 2363 in
647 2300 688 2364 iis
712 2321 859 2364 camaras
880 2302 1107 2364 marmoratol

13 2404 49 2452 ²⁵
63 2391 97 2452 et
119 2387 261 2471 parietes
284 2389 534 2472 pavimentaque
560 2387 600 2469 [L
619 2389 841 2470 laudabiliter]
860 2388 994 2471 faciunt,
1015 2408 1078 2470 quo

61 2475 214 2560 frigidius
237 2476 289 2540 sit.
326 2477 361 2541 in
383 2499 447 2561 quo
471 2478 570 2541 etiam
590 2478 719 2561 quidam
738 2477 916 2541 triclinium
936 2480 1079 2540 sternere

63 2567 174 2631 solent
197 2565 333 2631 cenandi
357 2587 462 2630 causa
509 2567 628 2630 etenim
656 2565 829 2650 inquibus
853 2565 982 2628 luxuria
1006 2585 1079 2627 con-

31 2653 200 2720 ·cesserit
226 2657 264 2718 ut
290 2655 325 2717 in
352 2653 563 2738 pinacothece
586 2655 722 2737 faciant,
750 2655 835 2738 quod
859 2652 1079 2737 spectaculum

64 2743 161 2808 datur
184 2742 225 2806 ab
250 2745 327 2825 arte,
351 2765 409 2808 cur
430 2764 496 2808 non
519 2743 604 2828 quod
622 2748 739 2808 natura
758 2743 870 2807 datum
890 2745 1022 2806 utantur
1045 2741 1080 2804 in

16 2852 51 2896 ao
64 2834 239 2897 venustate
258 2831 418 2915 disposita
436 2833 630 2916 pomorum?
660 2833 851 2915 praesertim
871 2852 944 2895 cum
962 2830 996 2893 id
1014 2850 1082 2894 non

159 3030 174 3077 1
193 3023 323 3078 thrachia
412 3022 460 3078 alii
479 3023 561 3078 utin
583 3023 714 3093 hispania
732 3021 862 3078 citeriore
883 3025 982 3092 puteos
1001 3020 1082 3075 utin

66 3113 138 3166 agro
230 3099 262 3147 11
277 3110 405 3165 regerare
478 3095 545 3151 faba
562 3095 706 3164 legumina
797 3100 829 3148 15
849 3092 1081 3164 oportunissimas

68 3164 334 3237 (opportunissimas
358 3166 396 3234 V)
474 3173 507 3222 17
527 3166 691 3237 scaudiana]
712 3166 863 3220 scandiana
946 3170 981 3218 20
1000 3164 1082 3231 palea

68 3245 103 3293 22
119 3238 212 3306 adque
248 3243 283 3291 23
301 3236 447 3292 humorem
483 3243 519 3292 24
532 3236 562 3292 iu
580 3237 624 3292 his
643 3238 736 3308 (iniis
755 3237 917 3306 apoprapta
935 3235 1082 3302 nonnulla)

161 3404 193 3452 11
213 3397 378 3467 refrigerare
402 3396 583 3453 Schneidcras
653 3396 724 3453 laba
746 3398 778 3452 ct
797 3394 955 3465 legumina.
967 3410 986 3445 u
1057 3393 1101 3439 a&

68 3469 167 3540 paleas
185 3470 240 3522 conl.
259 3468 351 3523 Paris.
426 3475 462 3526 26
480 3468 672 3530 laudabiliter
693 3471 796 3529 deleuit
817 3467 946 3533 Scottum

104 3565 197 3605 ,Vacuo
209 3575 263 3606 m
277 3577 346 3611 avsr,
952 3554 976 3601 ἶ)
