2386 3742
12 404 17 409 .
114 356 118 365 '
199 376 233 417 1n
252 375 286 418 se
304 352 428 418 habent
447 353 640 436 alias,‘quod
659 353 780 436 partim
800 357 876 429 sunt
897 353 1085 438 umidiores,

5 440 35 493 :-
93 443 190 506 artim
215 442 386 520 aridiores,
413 441 534 526 partim
557 441 744 506 mediocres.
787 462 891 525 neque
913 462 980 504 non
1003 441 1085 507 haec

71 530 259 595 discrimina
285 531 449 614 pertinent
478 530 517 595 ad
545 530 670 594 fructus
702 529 919 595 vehementer.
970 531 1082 614 itaque

69 619 168 704 periti
197 620 229 683 in
262 620 334 684 loco
367 619 526 683 umidiore
557 618 609 682 far
641 618 795 682 adoreum
827 617 937 701 potius
968 625 1084 687 serunt
1111 637 1123 678 5

72 729 169 791 quam
201 708 361 791 triticum,
399 711 514 773 contra
545 707 580 770 in
613 707 751 771 aridiore
784 706 937 771 hordeum
972 707 1084 793 potius

39 802 166 880 dquam
201 797 265 880 far,
297 797 332 860 in
363 795 517 861 mediocri
548 798 731 879 utrumque.
784 799 951 878 praeterea
983 795 1084 860 etiam

71 885 260 950 discrimina
283 886 427 949 omnium
450 885 566 948 horum
587 905 742 969 generum
761 883 932 948 subtiliora
951 884 1024 966 alia,
1047 890 1084 949 ut

71 974 105 1037 in
129 974 281 1038 sabulosa
304 978 399 1056 terra,
424 973 509 1056 qnod
532 972 579 1037 ibi
601 972 702 1036 refert
726 972 839 1037 sabulo
864 972 958 1035 albus
978 973 1084 1037 sitan

70 1062 277 1141 rubicundus,
293 1062 377 1145 quod
392 1061 549 1126 subalbus
565 1061 606 1125 ad
620 1061 773 1126 serendos
789 1061 935 1124 surculos
949 1061 1082 1141 alienus,
1097 1080 1123 1119 10

71 1156 186 1215 contra
208 1149 418 1218 rubicundior
442 1150 619 1232 adpositus.
666 1150 712 1214 sic
736 1169 856 1233 magna
879 1149 944 1212 tria
970 1149 1083 1213 discri-

70 1240 161 1303 mina
183 1241 298 1321 terrae,
326 1239 410 1322 quod
433 1238 533 1303 refert
555 1242 664 1302 utrum
689 1239 732 1302 sit
755 1259 865 1302 macra
887 1259 929 1300 an
952 1238 1083 1322 pinguis

71 1349 114 1391 an
136 1327 316 1411 mediocris,
340 1326 425 1410 quod
448 1327 489 1391 ad
513 1328 673 1391 culturam
696 1327 829 1411 pinguis
851 1326 1018 1390 fecundior
1042 1327 1084 1390 ad

70 1417 183 1501 multa,
206 1438 315 1484 macra
338 1421 461 1481 contra.
505 1416 616 1499 itaque
639 1415 673 1478 in
695 1415 794 1499 tenui,
817 1418 854 1479 ut
878 1415 912 1479 in
935 1414 1082 1498 Pupinia,

71 1525 175 1588 neque
207 1505 339 1570 arbores
371 1505 521 1587 prolixae
547 1524 651 1586 nequo
685 1504 769 1568 vites
804 1503 939 1585 feraocS,
977 1526 1082 1588 neque
1097 1523 1124 1563 15

71 1596 250 1657 stramenta
272 1593 382 1658 videre
405 1615 516 1658 crassa
538 1592 644 1675 possis
667 1613 771 1675 neque
790 1593 885 1656 ficum
910 1592 1084 1657 mariscum

39 1684 104 1746 det
119 1682 250 1746 arbores
265 1683 436 1766 plerasque
450 1703 488 1747 ac
502 1684 598 1764 prata
611 1680 771 1745 retorrida
785 1702 941 1744 muscosa.
970 1685 1085 1745 contra

37 1824 46 1839 .
70 1771 104 1834 in
130 1792 208 1855 agro
233 1770 356 1855 pingui,
379 1773 416 1834 ut
438 1770 473 1833 in
495 1768 644 1854 Etruria,
668 1768 745 1833 licet
767 1770 875 1834 videre
898 1772 933 1832 et
956 1773 1083 1853 segetes

70 1858 253 1923 fructuosas
281 1881 319 1923 ac
346 1858 503 1926 restibilis
533 1862 565 1923 et
595 1858 725 2009 atrbores
748 1858 893 1940 prolixas
918 1860 951 1920 et
974 1859 1085 1922 omnia

71 1947 139 2011 sine
163 1970 284 2014 musco.
328 1947 363 2011 in
390 1947 544 2018 mediocri
568 1950 677 2010 autem
699 1945 920 2030 terra,utuin
944 1945 1125 2025 Tiburtt1,ao

71 2057 134 2119 quo
161 2036 295 2121 propius
323 2036 446 2100 accedit
473 2039 510 2100 ut
536 2057 604 2100 non
632 2036 675 2099 sit
704 2056 829 2117 macra,
859 2055 956 2135 quam
979 2039 1016 2098 ut
1040 2036 1084 2099 sit

70 2125 187 2209 ieiuna,
207 2147 244 2189 eo
266 2124 306 2189 ad
322 2146 432 2189 omnes
451 2145 503 2188 res
523 2123 730 2206 commodior,
749 2145 846 2206 quarn
866 2144 894 2186 si
884 2122 1085 2188 inclinabit

40 2213 111 2278 ‘lad
135 2175 215 2277 illdd
234 2213 319 2296 quod
338 2212 393 2277 det
379 2213 489 2277 terius
527 2211 628 2293 Stolo,
651 2210 727 2276 Non
747 2212 840 2292 male,
863 2211 978 2295 inquit,
1002 2233 1084 2294 quac

71 2301 117 2366 sit
138 2302 254 2366 idonea
277 2306 365 2365 terra
389 2301 428 2365 ad
453 2301 622 2366 colendum
646 2304 801 2385 autnon,
823 2263 1085 2382 iliophanesBi-

70 2391 192 2472 thynos
217 2389 331 2454 scribit
354 2392 449 2474 signa
473 2390 556 2454 sumi
578 2411 673 2472 posse
698 2393 754 2453 aut
777 2410 815 2452 ex
833 2389 905 2471 ipsa
924 2392 980 2451 aut
999 2410 1082 2472 quae
1098 2408 1124 2449 25

70 2481 248 2542 nascuntur
271 2500 310 2543 ex
332 2478 386 2543 iis:
421 2501 459 2543 ex
482 2480 568 2562 ipsa,
592 2477 619 2541 si
643 2478 687 2542 sit
708 2481 797 2542 terra
819 2477 904 2559 alba,
928 2477 957 2540 si
979 2479 1084 2560 nigra,

71 2567 98 2632 si
121 2568 211 2650 levis,
234 2589 316 2650 quac
336 2589 408 2631 oum
426 2568 579 2650 fodiatur,
602 2565 700 2630 facilc
715 2565 841 2651 frietur,
864 2569 980 2629 natura
1000 2587 1084 2648 quae

70 2677 137 2721 non
155 2655 199 2720 sit
217 2656 376 2721 cineracia
394 2677 475 2721 neve
494 2654 701 2720 vehementer
720 2654 831 2718 densa:
856 2653 953 2718 exiis
974 2657 1084 2718 autem

70 2766 153 2828 quae
177 2751 273 2808 enata
297 2749 372 2808 sunt
394 2746 472 2827 fera,
496 2744 534 2808 si·
547 2746 623 2808 sunt
645 2743 773 2826 prolixa
789 2746 894 2826 atque
914 2744 978 2822 [ea]
999 2764 1083 2826 quae

70 2855 110 2896 ex
136 2832 177 2897 iis
204 2833 295 2898 nasci
322 2834 440 2898 debent
468 2854 578 2897 earum
605 2853 714 2897 rerum
743 2832 871 2896 feracia.
917 2831 972 2895 sed
997 2831 1084 2915 quod
1098 2852 1125 2892 eo

72 2921 227 3005 sequitur,
250 2923 384 2986 tertium
407 2922 483 2986 illut
506 2921 544 2986 de
568 2920 672 2986 modis
696 2920 756 2986 dio.

162 3137 195 3184 14
213 3132 309 3198 itaque
327 3132 358 3185 in
376 3131 454 3186 tenui
486 3131 580 3200 itaque
599 3149 651 3184 nus
688 3136 722 3184 21
741 3130 818 3199 quod
835 3129 950 3200 propius
987 3135 1020 3184 22
1040 3128 1083 3184 in-

70 3201 190 3344 {lingue}
203 3201 407 3327 d(iicniclinauerit
464 3205 474 3271 )
525 3253 528 3257 ,
564 3207 598 3255 29
622 3202 713 3270 a‘dque
795 3206 838 3265 ,30
862 3201 933 3269 quot
956 3201 1085 3269 sequitur

112 3468 150 3514 21
170 3482 230 3532 quo
246 3469 376 3540 propius
400 3471 527 3530 Ursinus
