2386 3742
283 135 413 192 RERVM
430 135 668 191 RVSTIOARVM
687 137 755 194 LIB.
774 136 786 189 I
805 142 911 191 45-48
1058 138 1103 202 59

83 280 214 361 extulit,
237 281 336 364 spica.
378 302 415 346 ea
434 303 516 365 quae
535 281 686 345 mutilata
704 302 771 346 non
790 286 850 365 est,
872 287 909 346 ut
925 282 960 345 in
977 282 1101 347 hordeo

84 373 121 434 et
153 369 274 453 tritico,
305 371 369 435 tria
397 370 496 434 habet
526 370 735 454 continentia,
769 391 915 456 granum,
949 372 1103 456 glumam,

84 458 222 523 aristam
247 463 279 523 et
303 459 413 543 etiam,
435 458 585 541 primitus
604 459 693 541 spica
712 480 785 523 cum
805 460 916 543 oritur,
939 460 1103 546 vaginam.

84 568 225 633 granum
249 548 371 612 dictum
396 547 482 631 quod
505 550 555 611 est
576 547 730 612 intimum
750 548 891 631 soldum3
916 549 1028 633 gluma
1047 549 1103 633 qui

52 639 137 700 sest
161 635 325 702 folliculus
350 637 434 721 eius3
472 637 572 701 arista
601 658 683 721 quae
712 640 750 700 ut
773 658 850 701 acus
873 638 980 701 tenuis
1003 639 1104 722 longa

84 724 209 789 eminet
231 747 247 789 θ
271 726 397 810 gluma,
426 724 561 808 proinde
584 730 622 788 ut
646 725 739 809 grani
763 747 846 808 apex
868 725 912 790 sit
935 726 1046 810 gluma
1070 729 1103 790 et

83 813 199 880 arista.
236 815 339 878 arista
362 819 395 878 et
417 833 554 898 granum
578 815 730 878 omnibus
753 813 820 877 fere
844 818 967 894 notum,
991 813 1132 899 gluma2

81 903 209 986 paucis.
253 904 364 987 itaquo
392 902 427 967 id
450 903 535 987 apud
558 901 699 966 Ennium
724 903 829 967 solum
852 902 1011 987 scriptum
1035 903 1101 966 scio

82 1012 158 1054 esse
188 991 223 1055 in
253 991 429 1056 Euhemeri
462 992 555 1055 libris
587 993 698 1058 versis.
748 991 875 1056 videtur
908 990 1103 1056 vocabulum

37 1104 65 1143 10
83 1084 231 1163 etymum
253 1079 375 1145 habere
399 1103 418 1144 a
442 1079 619 1164 glubendo,
651 1080 736 1163 quod
760 1101 798 1144 eo
821 1079 967 1145 folliculo
992 1080 1102 1163 deglu-

81 1168 176 1232 bitur
198 1188 346 1252 granum.
391 1168 503 1252 itaque
534 1161 647 1232 eodem
677 1169 834 1234 vocabulo
858 1170 1027 1253 appellant
1048 1168 1103 1233 fici

82 1258 165 1340 eiua,
184 1279 281 1340 quam
301 1257 434 1341 edimus,
457 1256 649 1323 folliculum.
686 1258 786 1322 arista
808 1257 905 1341 dicta,
929 1257 1014 1341 quod
1034 1279 1101 1320 are·

82 1346 149 1410 scit
175 1347 288 1430 prima.
342 1367 482 1431 granum
513 1367 535 1410 o
567 1346 721 1431 gerendo:
759 1347 791 1410 id
825 1347 911 1410 enim
943 1351 980 1410 ut
1008 1349 1103 1428 gerat

83 1434 186 1519 spica,
209 1436 328 1499 seritur
350 1435 557 1518 frumentum,
580 1456 648 1498 non
670 1439 708 1498 ut
727 1435 873 1520 glumam
892 1440 950 1498 aut
968 1435 1102 1498 aristam

38 1546 66 1587 ra
84 1527 196 1607 gerat,
223 1528 260 1588 ut
282 1525 357 1588 vitis
382 1524 512 1606 seritur,
539 1545 606 1587 non
633 1528 670 1587 ut
697 1524 888 1607 pampinum
914 1523 1012 1605 ferat,
1047 1523 1102 1586 sed

83 1618 122 1677 ut
150 1634 256 1676 uvam.
303 1613 394 1697 spica
422 1617 545 1695 autem,
569 1634 666 1696 quam
694 1613 825 1692 rustici,
848 1616 886 1675 ut
908 1615 1103 1694 acceperunt

83 1701 276 1785 antiquum,
304 1706 423 1766 vocant
455 1723 593 1784 specam,
627 1724 646 1766 a
677 1723 733 1784 spe
763 1700 890 1764 videtur
919 1701 1101 1764 nominata:
1127 1748 1130 1752 -

83 1811 158 1853 eam
187 1789 273 1854 enim
301 1791 387 1874 quod
420 1793 554 1872 sperant
581 1789 663 1872 fore,
697 1793 818 1855 serunt.
868 1790 958 1873 spica
986 1790 1131 1857 mutila3

84 1878 212 1963 dicitur,
231 1900 313 1962 quae
331 1879 516 1943 nonhabet
534 1878 685 1942 aristam:
705 1900 743 1942 ea
762 1879 846 1942 enim
866 1877 960 1961 quasi
980 1899 1103 1942 cornua

39 1991 68 2030 20
85 1971 164 2031 sunt
197 1968 370 2050 spicarum.
421 1989 503 2050 quae
535 1966 686 2050 primitus
717 1987 790 2030 cum
819 1966 969 2029 oriuntur
999 1986 1102 2048 neque

84 2057 184 2139 plana
208 2060 375 2141 apparent,
399 2056 460 2120 sub
484 2078 549 2140 qua
572 2055 678 2119 latent
700 2055 810 2134 herba,
835 2076 872 2118 ea
894 2059 1029 2118 vocatur
1050 2075 1103 2117 va·

85 2144 174 2228 gina,
196 2148 234 2208 ut
256 2145 291 2209 in
315 2168 379 2229 qua
401 2144 484 2209 latet
507 2144 673 2209 conditum
697 2143 850 2228 gladium.
893 2142 969 2207 illut
992 2145 1102 2207 autem

85 2253 216 2298 summa
243 2234 276 2297 in
306 2235 396 2319 spica
424 2234 490 2297 iam
518 2238 659 2317 matura,
687 2232 772 2316 quod
803 2238 853 2297 est
875 2233 981 2296 minus
1005 2252 1103 2316 quam

86 2343 236 2407 granum,
254 2327 390 2388 vocatur
409 2321 474 2386 frit.
503 2321 587 2406 quod
606 2324 642 2386 ia
660 2321 774 2386 infima
792 2323 881 2405 spica
901 2321 941 2384 ad
960 2321 1102 2385 culmum

39 2436 69 2476 25
86 2411 260 2475 stramenti
299 2433 461 2476 summum
493 2410 573 2475 item
606 2410 712 2475 minus
743 2432 840 2495 quam
873 2429 1010 2493 granum
1043 2412 1103 2486 est,

85 2499 271 2582 appellatur
295 2503 316 2580 †
339 2523 424 2564 urru.

163 2697 193 2745 >1
213 2691 320 2760 spicam
334 2707 368 2746 ea
382 2707 452 2759 quae
467 2689 611 2745 multilata
624 2706 681 2745 non
695 2690 738 2744 ost
751 2689 781 2743 in
817 2695 834 2742 4
853 2689 976 2758 glumam
998 2688 1047 2756 qui
1061 2688 1104 2743 ost

87 2769 122 2817 13
146 2779 266 2832 granum
295 2764 419 2832 gerendo
529 2766 562 2815 14
589 2760 687 2830 gluma
713 2764 763 2815 aut
786 2760 872 2814 arista
895 2760 1032 2829 (glumam
1055 2759 1105 2813 aut

86 2833 206 2887 aristam
230 2834 268 2900 V)
353 2836 386 2886 15
405 2832 455 2887 sed
473 2835 506 2886 ut
522 2849 608 2886 uuam
628 2831 688 2901 (sed
714 2848 799 2885 uuam
821 2830 860 2899 V)
944 2836 977 2885 16
996 2829 1104 2899 spicam

85 2907 184 2960 autem
258 2910 291 2959 11
310 2906 414 2958 uocant
432 2903 539 2974 spicam
613 2907 646 2956 18
664 2902 777 2973 mutila]
797 2901 905 2956 mutica
964 2907 998 2956 21
1017 2917 1104 2970 appa·

86 2977 153 3030 rent
171 2991 228 3042 qua
246 2975 389 3030 sublatent
474 2980 510 3028 24
528 2975 604 3042 quod
621 2973 651 3027 in
669 2974 750 3028 firma
837 2978 872 3027 26
891 2989 1021 3027 urrucum
1040 2989 1104 3026 con·

85 3046 218 3101 tionisset
852 3054 861 3061 ·

150 3243 152 3246 -
182 3205 348 3260 lmutilata
374 3222 401 3259 m
426 3209 451 3260 et
474 3205 613 3260 Victorias
727 3202 806 3258 utin
833 3202 938 3257 hordeo
969 3201 1105 3256 Gesneruo

89 3283 108 3330 4
127 3275 225 3346 gluma
243 3277 292 3345 qui
310 3279 355 3330 est
372 3277 430 3331 cod.
451 3276 519 3331 Par.
594 3281 626 3330 13
646 3291 764 3346 granum
783 3290 800 3328 a
818 3274 941 3344 gerendo
960 3273 1018 3328 cod.
1035 3272 1103 3328 Por.

89 3352 126 3401 14
154 3346 280 3416 glumam
307 3349 357 3401 aut
384 3347 501 3401 aristam
528 3363 554 3400 m
671 3353 704 3401 16
732 3345 811 3400 siaa
837 3347 932 3398 autam
958 3344 1106 3398 locandus
1140 3358 1143 3364 ’

91 3425 125 3472 11
138 3421 248 3499 ,uocant
264 3433 378 3486 opacam
397 3419 549 3476 locandas
623 3424 660 3477 48
676 3364 786 3476 mutila.
796 3414 925 3472 {lisinas
992 3417 1039 3462 Ἃ
1048 3410 1134 3472 aa&

81 3489 113 3540 in
129 3488 227 3542 mama
244 3489 324 3558 spica
342 3492 496 3552 quentius
