2384 3736
199 124 329 182 RERVM
346 39 592 181 Rvsulcrffii
604 125 672 181 LlB.
686 126 699 179 I
713 130 783 180 r-8
955 123 999 190 23

28 276 111 357 quot
138 271 286 356 regiones
314 270 450 356 accessi,
476 270 533 334 ubi
560 291 620 335 nec
648 271 725 335 vitis
752 292 811 335 nec
839 271 911 336 olea
940 292 999 336 nec

28 382 83 425 ma
105 362 326 442 nascerentur,
349 359 406 422 ubi
426 380 522 443 agros
542 362 759 424 stercorarent
777 359 914 424 candida
932 359 998 424 fos·

27 449 64 513 :ia
92 451 194 532 creta,
222 447 278 511 ubi
306 447 407 511 salem
434 468 494 511 nec
523 447 691 512 fossioium
714 469 774 512 nec
797 448 998 513 maritimum

27 537 155 614 herent,
173 536 229 600 sed
244 558 283 599 ex
296 535 488 618 quibusdam
501 536 600 620 lignis
620 537 785 601 conbustis
805 536 999 602 carbonibus

27 626 81 690 lsis
104 647 165 711 pro
193 627 431 689 couterentur.
477 621 581 708 Stolo,
605 622 687 688 Cato
711 625 855 708 quidem,
882 626 998 709 inquit,
1031 636 1049 693 9

27 715 150 778 adatim
171 734 373 799 praeponens
397 712 497 777 alium
517 713 580 778 alio
601 734 716 798 agrum
735 714 900 778 meliorem
920 714 998 780 dicit

27 824 56 868 se
88 802 124 865 in
155 823 273 866 novem
305 801 555 885 discriminibus,
590 802 676 885 quod
709 801 752 866 sit
783 803 907 885 primus
941 803 998 867 ubi

27 912 99 955 reae
121 889 249 974 possint
272 911 341 954 esse
364 891 449 954 bono
473 890 548 954 vino
572 894 605 954 et
628 891 741 972 multo,
764 891 922 955 secundus
941 892 998 955 ubi

29 983 100 1043 rtus
119 979 277 1062 inriguus,
295 980 413 1042 tertius
432 979 489 1042 ubi
504 978 628 1060 salicta,
647 982 780 1063 quartus
795 979 852 1043 ubi
867 980 997 1063 oliveta,

27 1068 122 1131 intus
145 1067 203 1131 ubi
225 1070 363 1152 pratum,
388 1071 497 1131 sextus
521 1067 578 1131 ubi
601 1089 733 1152 campus
757 1067 997 1152 frumentarius,

27 1156 144 1239 ptimus
158 1154 215 1219 ubi
230 1156 349 1236 caedua
365 1155 466 1239 silva,
480 1159 614 1220 octavus
628 1156 684 1220 ubi
700 1155 878 1240 arbustum,
892 1178 997 1222 nonus

29 1247 40 1309 i
54 1243 228 1328 glandaria
244 1244 333 1308 silva.
362 1243 483 1327 Scrofa,
503 1243 585 1327 Scio,
603 1245 720 1328 inquit,
735 1246 874 1310 scribere
888 1246 996 1330 illum,
1009 1255 1050 1313 10

27 1333 41 1396 i
69 1333 109 1397 de
137 1332 199 1397 hoc
227 1353 294 1396 non
321 1334 530 1397 consentiunt
557 1354 683 1417 omnes,
719 1334 804 1418 quod
834 1334 891 1397 alii
920 1334 998 1399 dant

27 1423 161 1486 imatum
188 1420 283 1485 bonis
311 1422 427 1504 pratis,
455 1424 493 1485 ut
515 1442 589 1506 ego,
618 1445 637 1485 a
668 1444 731 1506 quo
756 1424 844 1506 [que]
870 1423 998 1506 antiqui

27 1513 81 1574 ata
103 1512 221 1595 parata
244 1510 458 1592 appellarunt.
475 1577 478 1583 ,
498 1507 619 1573 Caesar
637 1509 808 1593 Vopiscus,
831 1511 997 1575 aedilicius
1086 1529 1089 1534 ’

27 1620 118 1663 usam
146 1619 220 1661 cnm
252 1602 364 1681 ageret
396 1598 482 1680 apud
514 1619 675 1680 censores,
708 1620 838 1682 campos
871 1599 997 1664 Roseae

27 1687 99 1752 aliae
127 1687 209 1750 dixit
237 1707 308 1750 esse
336 1707 464 1769 sumen,
497 1686 531 1749 in
560 1708 623 1770 quo
651 1687 765 1750 relicta
791 1689 916 1770 pertica
943 1710 998 1772 po-

27 1775 98 1840 ridie
120 1796 187 1839 non
210 1779 381 1859 appareret
403 1779 535 1857 propter
557 1775 701 1839 herbam.
730 1780 844 1839 contra
867 1777 995 1841 vineam
1005 1792 1072 1847 VIII

27 1866 62 1927 nt
87 1863 141 1946 qui
165 1866 281 1945 putent
303 1866 434 1946 sumptu
456 1863 598 1927 fructum
622 1863 783 1928 devorare.

75 1951 197 2029 Refert,
219 1953 361 2035 inquam,
385 1952 471 2034 quod
490 1972 592 2036 genus
610 1952 725 2016 vineae
747 1951 799 2034 sit,
819 1952 901 2035 quod
922 1958 998 2017 sunt

27 2041 109 2105 iltue
137 2040 260 2123 species
290 2041 367 2104 eius.
393 2040 495 2103 aliae
524 2041 609 2104 enim
636 2040 775 2104 humiles
803 2062 841 2104 ac
865 2041 934 2104 sine
957 2042 998 2104 ri-

27 2130 75 2213 tis,
98 2129 192 2193 utin
214 2128 383 2212 Hispania,
407 2128 489 2192 aliae
513 2129 679 2213 sublimes,
703 2131 763 2210 [ut]
784 2151 865 2213 quae
889 2131 998 2216 appel-

27 2220 96 2282 itur
118 2217 263 2301 iugatae,
290 2220 327 2280 ut
353 2217 524 2301 pleraeque
552 2218 587 2281 in
609 2217 714 2282 Italia.
760 2219 850 2283 cuius
877 2221 999 2302 penula
1104 2219 1105 2223 ’

27 2307 119 2370 mina
147 2305 224 2388 duo,
251 2305 446 2389 pedamenta
474 2309 507 2369 et
533 2305 618 2390 iuga.
664 2306 782 2389 quibus
812 2310 880 2371 stat
901 2309 997 2373 rectis

27 2417 91 2478 nea,
110 2392 261 2459 dicuntur
278 2393 485 2478 pedamenta3
505 2416 586 2477 quae
605 2397 792 2459 transversa
810 2396 998 2480 iunguntur,

27 2504 78 2567 ga:
108 2483 150 2547 ab
175 2504 212 2546 eo
237 2504 363 2566 quoque
386 2483 498 2548 vineae
522 2483 659 2567 iugatae.
704 2483 855 2566 iugorum
879 2493 1027 2567 genera2

27 2593 54 2635 re
78 2574 242 2654 quattuor,
263 2570 396 2655 pertica,
418 2570 581 2654 harundo,
605 2574 721 2655 restes,
744 2571 841 2635 vites:
868 2573 999 2658 pertica,

45 2660 80 2723 in
103 2657 255 2742 Falerno,
282 2659 444 2741 harundo,
472 2660 566 2723 utin
589 2658 736 2743 Arpano,
764 2663 876 2743 restes,
905 2664 942 2724 ut
964 2662 999 2725 in

27 2747 194 2829 runffisinc,
208 2747 300 2826 vites,
314 2748 399 2812 utin
414 2747 658 2814 Mediolanensi.
682 2748 860 2832 iugationis
876 2749 998 2833 species

27 2857 78 2917 rae,
105 2858 170 2900 una
198 2835 338 2918 derecta,
368 2839 405 2900 ut
426 2836 461 2899 in
485 2856 564 2920 agro
588 2834 768 2919 Canusino,
797 2837 901 2901 altera
924 2859 999 2902 con-

27 2925 133 2989 uviata
155 2925 189 2988 in
211 2924 449 3008 longitudinem
473 2928 506 2988 et
527 2925 732 2989 latitudinem
754 2925 883 3011 iugata,
905 2931 942 2990 ut
964 2927 999 2991 in

27 3012 86 3076 alia
106 3013 287 3097 pleraeque.
314 3013 395 3077 haec
418 3012 474 3077 ubi
494 3012 588 3079 domo
608 3017 796 3098 nascuntur,
818 3015 915 3080 vinea
933 3037 1000 3079 non

28 3101 104 3164 etuit
127 3105 305 3187 sumptum,
341 3101 399 3165 ubi
422 3102 526 3165 multa
550 3123 588 3165 ex
610 3102 793 3185 propinqua
816 3103 903 3186 villa,
933 3125 1000 3167 non

78 3256 229 3324 laliquod
307 3259 419 3312 tortus
497 3263 530 3312 23
550 3257 661 3327 generis
679 3273 729 3313 om.
808 3264 842 3312 33
861 3257 955 3313 multa
970 3260 1004 3312 et

27 3326 145 3396 'opinqua
163 3329 262 3381 uillam

27 3417 195 3429 Ἢ

63 3464 203 3532 1483Πο
221 3467 334 3538 [infidus
352 3490 370 3528 v
478 3484 515 3535 33
539 3495 575 3537 ex
596 3478 778 3554 propinqua
792 3474 876 3532 uilla
896 3463 1065 3525 recuccus
