2386 3742
300 133 429 189 RERVM
448 133 684 190 RVSTIGARVM
702 133 770 191 LIB
784 133 825 189 111
840 139 908 188 r-2
1042 134 1106 199 123

82 282 254 364 sticarum,
277 301 359 366 quae
381 280 540 345 constittu
542 284 661 345 atsun
646 277 771 345 ttiruc
756 284 809 345 tus
833 301 939 363 causa,
964 279 1029 344 tria
1052 300 1107 364 ge-

82 391 182 454 nera,
208 389 310 434 unum
333 368 372 433 de
396 369 469 453 agri
492 370 560 433 cult
545 372 632 452 tura,
661 369 708 433 alt
693 372 801 434 terum
825 369 863 433 de
887 390 922 433 re
944 369 1105 471 pecuaria,

83 459 223 524 tertium
250 458 289 522 dc
316 458 470 523 villaticis
497 480 555 541 pas
557 458 714 542 tionibus,
742 461 808 522 tres
837 458 941 523 libros
969 457 1108 542 institui,

86 569 104 613 e
129 547 204 631 quis
227 547 292 613 duo
316 547 441 630 scripsi,
464 547 605 632 primum
628 546 669 611 ad
688 546 891 612 Fundaniam
910 567 1045 612 uxorem
1069 547 1108 610 de

52 637 162 720 ungri
195 636 337 718 cultura,
375 635 551 700 secundum
584 635 623 700 de
654 636 806 719 pecuaria
838 636 879 700 ad
911 635 1108 701 Turranium

85 725 244 811 Nigrum:
264 725 320 808 qui
337 724 482 808 reliquus
501 728 552 789 est
571 725 687 789 tertius
707 725 745 788 de
764 724 919 790 villaticis
938 724 1108 808 fructibus,

86 816 125 879 in
147 815 212 879 hoc
236 813 277 877 ad
294 817 329 878 ta
347 813 455 896 mitto,
478 813 563 898 quod
582 813 672 878 visus
692 835 764 877 sum
783 813 900 878 debere
919 834 977 897 pro
996 817 1109 878 nostra

85 902 258 969 vicinitate
286 905 319 967 et
347 924 457 967 amore
488 903 628 967 scribere
652 902 860 985 potissimum
884 902 925 967 ad
948 907 990 967 te.
1036 909 1161 968 cum10

86 991 176 1057 enirn
207 990 320 1056 villam
352 989 490 1056 haberes
524 1012 619 1075 opere
651 991 790 1056 tectorio
824 995 856 1055 et
884 991 1041 1056 intestino
1072 1011 1109 1054 ac

38 1095 74 1142 ro
87 1080 287 1165 pavimentis
310 1079 476 1144 nobilibus
500 1080 697 1145 lithostrotis
719 1080 929 1164 spectandam
948 1085 978 1144 et
993 1101 1109 1163 parum

85 1173 241 1254 putasses
265 1190 344 1250 esse,
367 1169 402 1232 ni
426 1170 489 1233 tuis
513 1190 641 1253 quoque
664 1169 784 1234 litteris
803 1169 950 1234 exornati
968 1169 1108 1252 parietes

87 1261 208 1343 essent,
231 1278 291 1342 ego
316 1279 453 1343 quoque,
477 1280 540 1341 quo
560 1258 707 1322 ornatior
726 1280 763 1323 ea
782 1280 853 1323 esse
871 1261 984 1343 posset
1001 1258 1109 1322 fructu

88 1347 192 1432 [quod
219 1346 339 1432 factu],
368 1346 454 1430 quod
480 1346 586 1412 facere
613 1367 755 1431 possem,
787 1347 868 1412 haec
895 1347 937 1411 ad
964 1349 997 1410 te
1024 1346 1109 1430 misi,

86 1435 279 1501 recordatus
303 1435 342 1499 de
365 1457 404 1499 ea
425 1457 460 1499 re
484 1457 661 1514 sermones,
691 1457 770 1519 quos
800 1435 941 1500 devilia
964 1435 1109 1518 perfecta

38 1541 73 1587 ιι
86 1524 327 1589 habuissemus.
341 1524 508 1608 dequibus
523 1524 722 1608 exponendis
736 1524 868 1588 initium
882 1524 1009 1607 capiam
1023 1523 1109 1587 hinc.

180 1610 331 1678 comitiis
351 1613 509 1678 aediliciis
529 1636 601 1678 cum
620 1613 689 1677 sole
708 1613 801 1678 caldo
822 1632 883 1697 ego
903 1616 936 1676 et
955 1611 991 1688 Q.
1004 1610 1107 1676 Axius
1117 1625 1144 1680 II

88 1705 224 1768 senator
257 1701 385 1768 tribulis
417 1703 611 1786 suffragium
644 1702 831 1766 tulissemus
867 1705 901 1766 et
928 1700 1109 1781 candidato,

87 1791 141 1857 cui
170 1790 393 1874 studebamus,
422 1791 578 1856 vellemus
609 1812 679 1855 csse
701 1794 847 1876 praesto,
875 1812 948 1855 cum
978 1790 1110 1854 domum

86 1879 219 1964 rediret,
242 1880 343 1944 Axius
368 1879 458 1963 mihi,
480 1877 568 1944 Dum
592 1880 784 1962 diribentur,
807 1879 921 1963 inquit,
945 1878 1109 1963 suffragia,

43 1989 74 2030 ao
88 1970 142 2035 vis
165 1967 275 2051 potius
293 1968 390 2033 villae
409 1969 558 2053 publicae
577 1973 706 2033 utamur
724 1969 850 2047 umbra,
874 1990 970 2052 quam
988 1967 1109 2049 privati

88 2057 258 2123 candidati
271 2058 393 2122 tabella
407 2062 428 2141 †
442 2058 613 2122 dimidiata
627 2057 833 2122 aedificemus
842 2056 960 2120 nobis?
976 2054 1109 2140 Opinor,

87 2149 235 2230 inquam,
263 2167 328 2210 non
356 2146 477 2232 solum,
509 2147 595 2231 quod
624 2146 703 2211 dicit
688 2149 756 2230 tur,
786 2146 909 2210 malum
937 2144 1108 2210 consilium

89 2235 273 2301 consultori
296 2238 346 2298 est
369 2236 557 2318 pessimum,
582 2235 637 2300 sed
662 2196 761 2299 atiani
784 2235 906 2299 bonum
928 2233 1109 2318 consilium,

89 2323 148 2410 qui
170 2323 310 2388 consulit
334 2325 441 2407 etqui
460 2325 648 2408 consulitur,
671 2324 793 2389 bonum
812 2322 1006 2388 habendum.
1043 2320 1108 2386 Ita·

46 2433 73 2476 ιι
90 2433 154 2498 que
177 2412 276 2490 imus,
305 2413 453 2477 venimus
475 2413 510 2477 in
532 2414 653 2478 villam.
698 2412 746 2477 ibi
771 2413 914 2496 Appium
937 2409 1109 2476 Claudium
1143 2419 1161 2474 2

90 2521 249 2586 augurem
272 2500 471 2566 sedentem
461 2503 643 2566 1nvenimus
667 2501 702 2565 in
723 2500 898 2583 subselliis,
920 2502 958 2563 ut
977 2499 1110 2580 consuli,

90 2589 200 2674 siquid
227 2610 305 2653 usus
338 2591 558 2675 poposcisset,
592 2593 677 2654 esset
705 2592 847 2673 praesto.
904 2588 1038 2652 sedebat
1069 2586 1110 2651 ad

90 2678 261 2744 sinistram
284 2678 315 2742 ei
339 2676 509 2743 Cornelius
533 2677 659 2744 Merula
683 2678 846 2742 consulari
869 2676 995 2741 familia
1018 2679 1110 2740 ortus

90 2771 125 2832 et
144 2765 315 2832 Fircellius
333 2765 422 2832 Pavo
442 2767 610 2853 Reatinus,
629 2767 668 2831 ad
688 2767 834 2831 dextram
853 2765 1015 2829 Minucius
1032 2764 1111 2828 Pica

43 2878 74 2920 so
91 2860 127 2922 et
148 2854 192 2922 M.
207 2855 388 2921 Petronius
412 2856 538 2924 Passer.
573 2857 613 2921 ad
637 2877 734 2941 quem
757 2877 830 2919 oum
855 2854 1110 2936 accessissemus,

90 2981 307 2990 ..—-———--—

184 3052 199 3101 1
223 3046 377 3102 constituta
400 3051 466 3102 sunt
489 3047 656 3130 (constituta
681 3047 739 3101 sint
763 3047 925 3117 opopraptd
948 3046 1111 3112 recentiora)

92 3124 129 3175 10
152 3117 378 3189 spectandamp
380 3136 460 3173 arum
533 3124 564 3172 11
589 3119 620 3172 ni
643 3119 699 3173 tuis
722 3117 789 3173 Vet
806 3119 864 3174 cod.
884 3117 977 3184 Flor„
1001 3117 1030 3170 in
1054 3114 1111 3170 tuis

89 3189 194 3272 reliqui
266 3195 300 3243 16
327 3137 378 3244 ctp
379 3207 435 3259 qua
458 3188 536 3244 axius
560 3191 657 3261 (atque
681 3187 761 3243 axius
784 3188 821 3257 V)
896 3195 929 3243 17
949 3187 1112 3242 candidatos

91 3266 129 3317 19
146 3257 269 3330 mquid
288 3265 322 3314 23
342 3263 387 3316 est
403 3260 557 3331 pessimum
577 3262 649 3331 (esse
667 3258 821 3330 pessimum
844 3258 881 3329 V)
923 3264 957 3314 29
976 3259 1112 3312 minutius

184 3425 218 3475 10
237 3421 422 3491 spectandam
439 3436 596 3492 parumque
613 3419 750 3492 putasses
767 3419 894 3476 Ursinus
932 3422 974 3470 us
987 3415 1029 3476 Q
1036 3415 1131 3464 iffi*

95 3490 235 3549 Vettona
308 3499 343 3550 17
362 3493 517 3553 candidato
542 3495 698 3554 iucundus
