2386 3742
116 151 181 216 162
529 153 717 209 VARRONIS

112 319 151 362 ex
170 298 250 382 ipsis
271 299 387 377 tuiris
408 299 498 363 alvos
515 299 636 363 habeat
653 320 671 360 a
690 320 764 367 nem
779 300 1037 382 congerminarit
1055 323 1121 366 con·

111 386 268 451 iecturam
303 388 449 470 capiunt,
482 388 509 452 si
543 389 631 451 intus
657 388 784 452 faciunt
806 387 962 452 bombum
986 392 1029 473 et,
1057 411 1121 454 cum

111 475 198 540 intro
223 480 301 539 eunt
325 498 361 540 ac
384 477 481 560 foras,
503 475 669 559 trepidant
692 480 725 540 et
748 477 785 559 si,
808 479 963 560 opercula
982 480 1124 543 alvorum

111 585 184 628 cum
195 565 340 649 remoris,
349 565 498 629 favorum
512 564 672 629 foramina
683 564 823 629 obducta
832 564 983 630 videntur
993 568 1122 647 [mellis]

61 661 101 718 33
114 654 319 737 membranis,
343 675 416 717 cum
441 653 507 717 sint
530 653 648 738 repleti
671 654 776 719 melle.
811 654 846 718 in
870 655 1042 720 eximendo
1061 656 1123 740 qui·
1146 674 1155 714 s

113 741 186 806 dam
211 742 324 806 dicunt
347 745 496 826 oportere
519 743 567 806 ita
590 745 626 806 ut
648 763 765 806 novem
788 745 898 826 partes
921 744 1047 827 tollere,
1076 743 1125 807 de·

112 852 239 894 cumam
262 830 456 915 relinquere:
481 830 565 915 quod
590 831 617 895 si
641 852 735 896 omne
760 832 891 913 eximas,
913 831 982 895 fore
1007 838 1045 897 ut
1066 832 1126 896 dis·

112 919 237 986 cedant.
283 920 339 983 alii
371 919 433 983 hoc
464 920 537 1002 plus
569 920 745 1004 relincunt,
778 942 876 1004 quam
909 918 984 986 dixi.
1030 924 1067 985 ut
1094 921 1126 984 in

73 1039 77 1046 ·
113 1008 213 1072 aratis
242 1009 297 1093 qui
324 1009 448 1073 faciunt
470 1008 633 1072 restibiles
657 1013 793 1092 segeteS,
823 1009 897 1092 plus
921 1009 1045 1073 tollunt
1067 1009 1128 1073 fru-

113 1099 213 1160 menti
242 1119 280 1160 ex
307 1097 502 1180 intervallis,
535 1097 582 1161 sic
608 1097 643 1160 in
671 1097 767 1183 alvis,
801 1098 828 1160 si
860 1119 927 1161 non
955 1099 1127 1181 quotannis
1139 1118 1159 1156 ιο

114 1187 234 1249 eximas
258 1190 402 1250 autnon
427 1207 527 1270 aeque
551 1186 700 1269 multum,
723 1190 757 1250 et
779 1186 885 1271 magis
906 1186 958 1250 his
978 1186 1127 1251 adsiduas

58 1283 101 1341 34
112 1274 234 1338 habeas
263 1296 340 1356 apes
371 1278 404 1338 et
432 1273 537 1359 magis
571 1274 765 1339 fructuosas.
812 1274 1056 1340 eximendorum
1084 1275 1127 1338 fa-

111 1384 226 1427 vorum
245 1363 386 1446 primum
405 1367 522 1445 putant
542 1384 611 1427 esse
630 1367 758 1446 tempus
775 1362 988 1447 vergiliarum
1009 1366 1129 1443 exortu,

112 1453 287 1517 secundum
310 1456 433 1516 aestate
457 1456 539 1535 acta,
564 1455 738 1537 antequam
761 1454 851 1516 totus
875 1453 1040 1516 exoriatur
1064 1473 1128 1516 arc·

111 1545 218 1624 turus,
251 1541 385 1605 tertium
412 1544 488 1623 post
514 1541 723 1625 vergiliarum
752 1562 914 1622 occasum,
948 1547 981 1604 et
1008 1541 1071 1624 ita,
1103 1541 1129 1604 si
1141 1560 1161 1600 15

111 1630 248 1694 fecunda
281 1631 325 1694 sit
357 1631 457 1713 alvos,
489 1633 526 1692 ut
557 1651 597 1693 ne
629 1629 703 1712 plus
736 1630 834 1692 tertia
861 1651 938 1713 pars
970 1630 1130 1694 eximatur

112 1719 228 1799 mellis,
252 1718 412 1803 reliquum
436 1721 474 1782 ut
497 1717 690 1782 hiemationi
713 1718 929 1801 relinquatur3
962 1718 1013 1781 sin
1037 1718 1129 1782 alvus

112 1829 178 1871 non
202 1808 246 1871 sit
268 1807 400 1888 fertilis,
427 1806 546 1889 nequid
574 1807 750 1870 eximatur(
787 1809 949 1890 exemptio
978 1827 1053 1870 cum
1082 1809 1129 1870 est

113 1897 230 1979 maior,
260 1917 362 1980 neque
390 1896 574 1958 universam
598 1917 702 1978 neque
726 1895 836 1977 palam
858 1895 965 1958 facere
990 1900 1128 1978 oportet,

111 2007 152 2049 ne
176 1985 327 2049 deficiant
350 1983 501 2048 animum.
547 1983 616 2048 favi
640 1983 695 2067 qui
718 1983 911 2066 eximuntur,
938 1984 1032 2066 siqua
1055 2005 1163 2066 parsu

25 2153 31 2162 ,
113 2072 198 2137 nihil
222 2073 321 2138 habet
345 2076 401 2137 aut
424 2073 523 2136 habet
545 2072 744 2152 incunatum,
767 2073 897 2135 cultello
920 2073 1129 2156 praesicatur.

60 2163 346 2246 35providendum
370 2183 410 2225 ne
434 2161 628 2226 infirmiores
653 2183 672 2224 a
691 2161 924 2224 valentioribus
945 2161 1128 2243 oppriman-

112 2257 179 2315 tur:
217 2274 254 2315 eo
288 2252 375 2314 enim
410 2251 567 2314 minuitur
599 2249 731 2314 fructus.
777 2249 887 2331 itaque
908 2249 1129 2315 inbecilliores

115 2345 255 2405 secretas
280 2340 443 2403 subiciunt
467 2338 527 2402 sub
552 2340 691 2403 alterum
714 2358 834 2422 regem.
880 2359 961 2421 quae
985 2338 1129 2402 crebrius

114 2430 200 2494 inter
224 2451 257 2493 se
281 2428 488 2514 pugnabunt,
521 2428 652 2511 aspargi
676 2449 730 2490 cas
755 2430 885 2511 oportet
908 2448 993 2510 aqua
1016 2428 1129 2490 mulsa
1142 2446 1162 2486 u

115 2540 177 2602 quo
201 2519 289 2583 facto
313 2539 378 2581 non
401 2517 497 2580 modo
519 2519 611 2596 [non]
632 2515 794 2579 desistunt
812 2535 930 2598 pugna,
957 2514 1129 2579 sedetiam

115 2607 315 2672 conferciunt
348 2627 381 2669 se
414 2606 593 2688 lingentes,
626 2625 663 2668 eo
696 2604 818 2687 magis,
851 2605 878 2666 si
915 2604 1021 2667 mulso
1056 2608 1129 2667 sunt

115 2718 278 2779 aspersae,
314 2716 377 2778 quo
410 2698 544 2777 propter
577 2692 706 2757 odorem
740 2691 865 2756 avidius
893 2691 1065 2775 adplicant
1097 2714 1128 2755 se

204 2875 220 2922 3
247 2867 343 2922 aluum
371 2884 435 2922 cum
461 2867 621 2922 remoreissi
648 2865 777 2922 fauorum
799 2870 866 2920 uota
888 2867 980 2919 maadi
1003 2867 1129 2933 adpositu

117 2947 133 2995 7
153 2956 264 2994 omnem
284 2942 377 3009 (omne
403 2940 440 3006 V)
478 2939 549 2993 forte
569 2939 638 3005 (fore
663 2939 701 3007 V)
738 2942 754 2990 8
773 2935 827 2991 hoc
846 2936 906 2990 eius
925 2937 989 3005 (hoc
1008 2937 1071 3006 plus
1091 2937 1128 3003 V)

116 3019 150 3066 1o
170 3009 326 3080 quodannis
409 3017 440 3064 11
462 3009 562 3081 aeque]
583 3025 710 3078 quaeque
791 3014 823 3061 13
843 3008 971 3062 exortum
1040 3008 1128 3061 1611-

115 3084 218 3155 cunda]
244 3081 368 3137 secunda
439 3086 472 3137 17
501 3084 533 3136 ut
561 3080 739 3150 hiemationi]
765 3096 798 3134 ex
821 3079 993 3132 hiemationo
1072 3079 1128 3131 sine

115 3156 195 3210 aluus
217 3171 273 3209 non
295 3153 328 3206 fit
350 3152 450 3207 fertilis
473 3152 528 3206 nisi
553 3151 621 3220 quid
699 3157 731 3206 18
762 3150 892 3218 exempto
917 3147 1068 3219 (exemptio
1092 3149 1128 3215 V)

115 3233 148 3280 22
169 3245 203 3280 ne
222 3226 356 3280 firmiores
376 3226 422 3294 (ne
441 3222 606 3278 infirmiores
631 3222 669 3292 V)
742 3227 776 3275 27
797 3219 948 3290 religentes

201 3368 326 3423 emellis
339 3368 453 3423 inclusit
467 3366 648 3421 Schneiderus
685 3369 718 3417 13
730 3365 826 3417 exortu
843 3362 990 3416 Iucundos
1028 3367 1060 3415 16
1077 3361 1131 3415 foa·

97 3440 194 3495 cunda
210 3441 366 3499 Iracundus
425 3445 458 3496 17
481 3438 506 3494 si
523 3455 585 3494 uon
601 3438 640 3492 sit
656 3433 822 3500 lertilisguu
838 3432 908 3498 quxd
923 3432 1059 3509 eximatur
1082 3432 1130 3487 Ur·

80 3509 171 3566 uuus
228 3519 266 3571 26
285 3533 349 3574 non
368 3516 461 3573 modo
483 3511 633 3571 desistunt
652 3508 714 3568 cod.
734 3505 804 3558 Pur.
871 3505 908 3551 Ἣ
927 3515 959 3550 22
972 3503 1143 3562 xxsqesuess
