2386 3742
130 131 173 196 48
547 129 734 186 vicaonis

129 279 269 360 faenum,
288 275 399 340 secari.
436 276 565 340 ocinum
585 278 706 341 dictum
725 299 745 340 a
763 297 881 360 graeco
900 277 1000 340 verbo
1024 268 1143 357 ὠκέως,

131 366 215 452 quod
239 365 327 429 valet
350 365 424 447 cito,
448 364 599 429 similiter
623 367 705 450 quod
727 365 867 430 ocimum
885 365 921 427 in
938 364 1045 428 horto.
1082 362 1144 428 hoc

130 453 269 537 amplius
297 453 417 517 dictum
446 453 588 535 ocinum,
617 455 702 538 quod
730 455 810 518 citat
837 455 945 518 alvom
974 453 1081 517 bubus
1112 455 1145 516 et

130 544 202 607 ideo
226 543 266 605 iis
290 542 394 625 datur,
423 545 461 605 ut
483 546 672 627 purgentur.
716 543 749 606 id
773 545 823 606 est
845 561 883 606 ec
906 541 1008 606 fabali
1031 544 1144 626 segete

99 631 232 698 triride
266 635 398 714 sectum,
431 635 606 714 antequam
639 636 737 716 genet
770 631 921 715 siliquas3
957 633 1073 694 contra
1105 651 1144 693 ex
1170 648 1180 688 ⁵

133 724 255 805 segete,
282 719 339 782 ubi
367 724 439 783 sata
467 720 611 783 admixta
638 721 793 784 hordeum
822 725 855 783 et
882 719 966 784 vicia
994 721 1028 782 et
1055 719 1147 804 legu-

133 812 230 892 mina,
261 808 373 892 pabuli
405 830 503 872 causa
535 809 636 873 viride
668 810 709 872 ab
743 831 781 873 eo
814 808 899 891 quod
933 806 1026 888 [sart]
1060 806 1146 872 ferro
1187 880 1191 887 ¹

68 945 70 949 ι
133 920 227 962 caesa
254 899 384 981 ferrugo
407 897 508 980 dicta,
537 901 594 961 aut
620 897 694 961 inde
719 898 862 980 satrape,
891 895 976 979 quod
1003 895 1147 978 primum

132 989 167 1052 in
194 987 334 1050 tarracia
362 989 471 1070 segete
500 986 568 1049 fieri
597 992 719 1069 coepta.
773 1007 810 1049 eo
840 986 913 1068 equi
942 988 974 1048 et
1000 985 1149 1048 iumenta

134 1079 242 1140 cetera
264 1095 363 1137 verno
386 1078 532 1157 tempore
556 1079 737 1158 purgantur
761 1097 798 1138 ac
822 1075 1023 1157 saginantur.
1063 1073 1147 1138 vicia
1159 1091 1180 1131 n

134 1163 220 1228 dicta
245 1184 264 1225 a
282 1162 462 1245 vinciendo,
486 1163 571 1247 quod
590 1164 669 1227 item
687 1164 854 1245 capreolos
873 1162 981 1245 habet,
1005 1165 1042 1224 ut
1061 1161 1150 1242 vitis,

135 1252 264 1338 quibus,
296 1272 367 1314 cum
397 1273 507 1314 susum
535 1274 647 1316 versus
676 1252 791 1335 serpit,
820 1252 860 1315 ad
884 1272 1018 1334 scapum
1042 1249 1148 1333 lupini

136 1340 275 1404 aliumve
304 1360 398 1421 quem
428 1344 465 1403 ut
487 1339 634 1425 haereat,
661 1341 693 1404 id
718 1341 802 1405 solet
824 1340 954 1404 vincire.
1000 1338 1029 1402 si
1053 1341 1149 1421 prata

134 1429 266 1513 inrigua
293 1428 442 1508 habebis,
472 1428 607 1493 simulac
632 1430 761 1493 faenum
785 1427 965 1511 sustuleris,
994 1426 1148 1511 inrigare.

134 1519 168 1581 in
195 1539 305 1600 poma,
333 1539 415 1600 quae
442 1517 542 1581 insita
569 1522 678 1596 erunt,
707 1518 906 1582 siccitatibus
931 1537 1050 1599 aquam
1074 1515 1179 1580 addin

137 1605 254 1670 cotidie
273 1605 408 1689 vesperi.
446 1628 557 1690 aquo,
581 1607 667 1690 quod
686 1606 833 1690 indigent
856 1609 946 1689 potu,
968 1626 1070 1688 poma
1093 1603 1146 1686 [L]

135 1695 221 1758 dicta
244 1715 313 1757 esse
335 1699 482 1777 possunt.

51 1797 156 1853 XXXII
224 1782 345 1858 Quarto
381 1782 554 1848 intervallo
586 1783 671 1847 inter
702 1783 878 1848 solstitium
906 1785 940 1846 et
966 1782 1145 1846 caniculam

138 1871 282 1956 plerique
301 1893 438 1935 messem
458 1872 591 1950 faciunt,
610 1872 694 1954 quod
713 1873 911 1935 frumentum
930 1871 1043 1935 dicunt
1058 1870 1146 1954 quin·

139 1961 243 2025 decim
266 1960 378 2024 diebus
402 1982 472 2025 esse
493 1961 527 2024 in
545 1961 683 2044 vaginis,
706 1961 889 2045 quindecim
908 1961 1033 2042 florere,
1059 1958 1174 2042 quin-a

139 2051 243 2114 decim
262 2071 455 2133 exarescere,
474 2071 545 2114 cum
568 2050 611 2114 sit
629 2053 801 2114 maturum.
829 2049 992 2112 arationes
1013 2047 1146 2127 absolvi,

139 2159 219 2221 quae
243 2159 280 2201 eo
303 2136 536 2202 fructuosiores
560 2138 651 2221 fiunt,
674 2160 737 2221 quo
760 2139 901 2202 caldiore
920 2141 1007 2201 terra
1026 2139 1145 2200 aratur:

140 2227 169 2289 si
191 2225 393 2308 proscideris,
418 2226 549 2310 offringi
572 2230 710 2311 oportet,
733 2227 765 2290 id
788 2230 838 2290 est
855 2227 982 2308 iterare,
1005 2228 1042 2287 ut
1061 2225 1144 2288 fran-

140 2319 259 2398 gantur
282 2314 427 2398 glaebae.
463 2315 570 2397 prima
589 2315 674 2379 enim
693 2316 839 2380 aratione
858 2315 996 2399 grandes
1015 2313 1144 2396 glaebae

108 2413 176 2469 2ex
199 2406 288 2466 terra
311 2403 507 2468 scinduntur.
553 2405 722 2468 serendum
746 2405 872 2488 viciam,
895 2405 1029 2484 lentem,
1054 2403 1170 2466 cicer-¹⁶

135 2493 251 2573 culam,
275 2491 408 2555 ervilam
432 2497 609 2576 ceteraque,
634 2515 716 2576 quae
741 2493 795 2557 alii
818 2491 996 2577 legumina,
1021 2492 1088 2575 alii,
1110 2493 1144 2555 ut

225 2673 238 2720 1
259 2667 342 2721 sicari
395 2661 502 2738 duduc]
524 2682 606 2721 oceos
668 2667 779 2735 2quod
798 2665 932 2736 ocimum]
952 2682 1007 2733 quo
1027 2666 1145 2720 ocimum

137 2743 154 2789 4
172 2737 203 2790 id
222 2741 266 2791 est
284 2737 374 2791 sabuli
447 2744 462 2791 7
481 2738 578 2792 uirdea
598 2755 652 2806 quo
671 2737 728 2792 fart
745 2736 820 2792 ferro
835 2754 918 2791 caesa
935 2736 1048 2805 serrago
1072 2736 1146 2791 dicta

136 2811 186 2861 aut
203 2809 264 2862 nise
283 2809 357 2876 quod
375 2807 497 2876 primum
511 2809 541 2862 in
554 2809 675 2863 tarracia
689 2811 785 2878 segete
800 2807 855 2863 seri
870 2809 971 2876 coepta
1016 2813 1051 2862 10
1070 2821 1147 2877 saga·
1192 2837 1193 2840 ¹

135 2882 238 2932 uantur
312 2885 344 2933 12
364 2895 460 2933 susum
482 2898 578 2935 uersus
602 2885 708 2947 (susum
726 2896 838 2933 uersum
859 2879 920 2936 Pol.
939 2883 964 2932 et
981 2880 1040 2933 cod.
1060 2878 1148 2946 Flos,

136 2967 231 3003 susum
249 2967 345 3005 uersus
363 2951 471 3020 reliqua
489 2954 659 3021 upoprupba)
708 2957 739 3005 13
759 2950 872 3004 uincere
919 2955 952 3004 16
970 2949 1081 3018 vesperi
1100 2967 1147 3004 om.

136 3021 247 3089 indiget
320 3027 352 3076 19
372 3022 468 3076 dicant
540 3028 573 3076 21
593 3022 705 3078 absolui
724 3021 845 3091 (adsolui
864 3022 935 3088 Pol,
955 3020 1066 3075 absolui
1085 3021 1149 3076 libri

136 3110 222 3147 mauu
239 3093 338 3161 scripti
355 3095 455 3163 omum)
528 3099 562 3147 22
582 3098 677 3148 arator

285 3204 348 3211 --

226 3275 240 3322 1
261 3270 349 3325 secari
368 3271 425 3324 cod.
448 3271 515 3325 Par.
607 3269 774 3324 nsimiliter
797 3269 873 3337 quod
892 3268 1012 3323 ocimum
1038 3269 1151 3326 Nouius

123 3359 155 3407 p.
174 3346 232 3394 551
286 3347 303 3394 8
322 3343 374 3395 aut
391 3341 457 3396 inde
476 3342 551 3411 quod
570 3343 627 3396 cod.
649 3342 717 3395 Par.
773 3346 806 3394 10
826 3339 991 3410 saginantur
1004 3342 1063 3395 cod.
1082 3341 1150 3397 Par.

117 3416 155 3460 13
176 3409 286 3467 uincire
306 3431 356 3470 rna
452 3419 486 3470 16
506 3412 613 3472 cotidie
630 3411 745 3482 uesperi
763 3410 872 3466 Nouius
888 3428 917 3478 p.
930 3414 965 3464 61
1019 3409 1153 3484 indigent

100 3477 228 3536 Nomas
242 3501 272 3553 p.
289 3490 331 3542 61
348 3492 377 3543 et
397 3492 456 3546 502
535 3493 571 3544 le
591 3487 727 3543 dicante
800 3487 837 3534 ‘aa
854 3483 979 3533 aratura
