2386 3742
113 173 177 237 166
201 139 206 148 ’
226 173 412 230 vasaours
431 175 562 229 asavu
581 175 819 231 averrosavu
836 175 904 232 us.
925 176 964 230 111
985 184 1017 231 ιτ

111 321 145 389 in
169 320 319 402 piscinas,
344 321 399 404 qui
422 320 585 406 reciproce
608 320 745 385 fluerent
762 322 861 404 ipsae,
884 320 1040 405 Neptuno
1061 344 1120 386 non

112 408 223 472 cedere
247 408 286 472 de
309 408 445 492 piscatu.
474 409 596 473 factum
620 431 690 474 esse
713 411 800 474 enim
823 409 861 474 ut
880 411 1004 475 amicos
1023 412 1121 494 pisces

111 519 187 560 suos
216 497 364 560 videatur
391 501 525 581 propter
553 503 662 562 aestus
691 497 838 563 eduxisse
866 500 900 562 in
933 497 1006 564 loca
1038 500 1122 584 frigi-

111 586 215 668 diora,
244 591 280 648 ut
303 585 404 668 Apuli
428 586 534 651 solent
556 586 701 670 pecuarii
723 586 838 670 facere,
867 588 922 671 qui
947 610 1006 671 per
1029 588 1123 653 calles

110 674 144 736 in
173 678 298 738 montes
330 672 469 738 Sabinos
500 696 598 758 pecus
627 675 755 740 ducunt.
801 677 836 740 in
864 675 989 742 Baiano
1019 684 1153 741 autema

111 763 284 827 aedificans
307 768 401 827 tanta
425 764 560 828 ardebat
583 786 669 847 cura,
692 769 729 828 ut
747 764 924 829 architecto
943 766 1126 849 permiserit

110 853 162 916 vel
190 857 228 914 ut
256 874 349 916 suam
376 853 545 935 pecuniam
573 858 785 936 consumeret,
813 853 986 918 dummodo
1017 855 1125 938 perdu-

13 941 16 947 ’
111 946 197 1004 ceret
212 963 327 1023 specus
342 963 359 1004 e
374 941 507 1024 piscinis
527 942 562 1006 in
576 963 665 1005 mare
681 943 808 1007 obiecta
822 942 917 1025 mole,
937 965 1002 1026 qua
1018 946 1125 1006 aestus

110 1030 161 1094 bis
191 1030 308 1094 cotidie
337 1031 378 1094 ab
406 1033 519 1095 exorta
546 1031 624 1094 luna
653 1031 693 1095 ad
721 1033 904 1114 proximam
931 1053 1052 1096 novam
1083 1032 1126 1095 in-

110 1118 210 1183 troire
236 1141 272 1182 ac
295 1118 399 1182 redire
422 1140 535 1183 rursus
558 1121 593 1183 in
617 1140 708 1183 mare
731 1125 843 1203 posset
866 1142 902 1184 ac
932 1119 1157 1204 refrigerarem

111 1228 263 1290 prscmas.
746 1258 750 1263 .

59 1305 101 1362 10
200 1293 280 1360 Nos‘
299 1296 388 1360 haec.
440 1299 474 1360 at
502 1297 657 1380 strepitus
686 1298 726 1361 ab
756 1297 870 1360 dextra
898 1300 931 1361 ct
957 1318 1030 1361 cum
1062 1298 1126 1360 lata

22 1424 25 1428 -
111 1383 302 1470 candidatus
330 1388 441 1449 noster
474 1386 662 1470 designatus
697 1385 810 1449 aedilis
844 1388 906 1467 [se]
940 1385 975 1449 in
1007 1385 1126 1449 villam.

111 1474 163 1537 cui
191 1495 250 1538 nos
275 1473 454 1538 occedimus
484 1479 517 1538 et
545 1475 700 1558 gratulati
728 1474 763 1536 in
792 1473 992 1558 Capitolium
1019 1495 1127 1557 persc-

111 1563 248 1647 quimur,
293 1562 347 1626 ille
375 1563 449 1627 inde
478 1562 559 1628 endo
589 1585 680 1626 suam
712 1562 859 1648 domum,
886 1584 947 1627 nos
970 1567 1127 1639 nostram,
1140 1582 1161 1623 rs

112 1674 131 1715 o
159 1651 255 1714 Pinni
282 1654 409 1733 noster,
441 1673 589 1716 sermone
626 1652 665 1715 de
693 1653 842 1735 pastione
871 1651 1014 1716 villatica
1043 1674 1126 1716 sum-

111 1740 225 1802 matim
249 1739 320 1820 hoc,
344 1760 440 1822 quem
464 1740 606 1823 exposui,
629 1740 753 1805 habito.

201 1931 372 1993 lreciproci
417 1933 567 1987 acederet
612 1931 725 2002 3suos]
744 1933 806 1985 tuos
856 1931 1015 2000 4pecoarii
1066 1930 1125 2002 qui]

111 2004 186 2072 quod
258 2003 345 2058 colles
417 2009 551 2058 cautem
575 2002 739 2074 aedificans]
764 2004 815 2056 aut
832 2000 907 2055 ardis
980 2003 1128 2057 80biecta

111 2074 199 2145 mole]
218 2073 395 2129 obiectuculo
433 2082 448 2128 9
468 2075 625 2144 proximum
668 2081 700 2130 12
720 2090 777 2127 non
795 2075 864 2128 haec
883 2074 920 2128 sd
938 2073 1073 2142 strepitus
1092 2073 1127 2128 ad

112 2146 211 2207 dextra
284 2153 317 2200 14
341 2144 493 2199 occidimus
568 2151 600 2200 16
620 2162 636 2199 o
655 2144 749 2215 Pinni]
769 2144 895 2212 opinioni
968 2151 1001 2198 17
1020 2144 1126 2199 habito.

111 2235 147 2270 m.
166 2217 294 2272 uarronis
312 2233 405 2271 rerum
424 2216 591 2270 rusticarum
608 2215 657 2270 lib.
673 2215 712 2269 III
731 2214 847 2284 explicit

202 2399 336 2448 3suoso
408 2394 497 2463 equi
521 2394 638 2449 Ursinus
711 2399 743 2447 12
767 2410 852 2447 noso
926 2398 958 2446 13
978 2393 1080 2448 aedilis
1098 2393 1126 2447 iu

111 2463 211 2518 uillam
229 2481 245 2518 o
319 2471 353 2518 14
373 2464 533 2519 occedimus
552 2464 733 2520 Schneidercs
806 2469 839 2517 16
854 2479 871 2516 o
885 2463 968 2517 Pinni
986 2464 1127 2520 Maceror

112 2538 144 2591 ia
166 2537 230 2591 Tac.
250 2536 346 2591 uacui.
366 2537 429 2589 ΙΙΙ
445 2540 482 2592 42
