2386 3742
311 131 442 186 anavn
460 129 697 188 avsrrcravn
715 131 783 186 ma.
802 130 841 185 111
860 137 876 186 o
1037 129 1101 194 143
1159 98 1162 103 ’

80 275 198 359 culpta
221 277 278 338 aut
301 275 418 340 adficta
438 276 584 342 firmiter.
621 279 729 341 motus
749 278 844 358 enim,
868 298 941 342 cum
960 276 1102 360 incubat,

80 368 191 430 nocet.
235 364 270 427 in
293 365 463 448 cubilibus,
486 386 558 429 cum
581 366 772 449 parturient,
796 387 872 430 acus
896 365 1101 430 substerncn-
1135 373 1154 430 8

81 453 176 536 dum;
213 474 286 516 cum
313 457 523 537 pepererunt,
552 455 667 518 tollere
697 455 903 519 substramen
930 458 963 518 et
992 474 1101 517 recens

83 542 170 606 aliut
202 541 355 625 subicere,
388 541 472 625 quod
504 542 627 626 pulices
660 546 693 605 et
725 545 833 607 cetera
864 544 955 608 nasci
987 543 1102 626 solent,

54 652 170 714 aquae
201 629 357 714 gallinam
381 631 608 714 conquiescere
630 653 697 695 non
719 631 900 715 patiuntur3
937 631 979 696 ob
1004 653 1102 715 qnam

82 740 156 783 rem
189 740 250 782 ova
283 721 340 782 aut
370 719 618 802 inaequabiliter
651 724 874 785 maturescunt
905 723 962 783 aut
993 741 1102 783 consu

82 809 232 872 noscunt.
278 828 359 888 quae
387 808 468 871 velis
497 808 643 893 incubet,
669 812 793 892 negant
815 809 888 891 plus
911 827 983 873 xxv
1007 829 1101 891 opor·

82 901 155 961 tere
179 916 241 960 ova
263 895 431 974 incubare,
459 899 605 981 quamvis
633 903 766 981 propter
792 896 1023 962 fecunditatem
1045 918 1101 978 pe-

82 983 208 1069 pererit
235 985 338 1067 plura.
384 985 543 1068 optimum
571 1007 641 1049 esse
668 989 799 1069 partum
831 986 870 1050 ab
897 985 1101 1070 aequinoctio
1136 992 1154 1048 9

39 1101 70 1142 ro
84 1093 188 1138 verno
211 1073 251 1136 ad
275 1074 470 1138 autumnale.
506 1074 616 1158 itaque
640 1096 722 1158 quae
747 1078 822 1141 ante
846 1078 904 1139 aut
925 1077 1002 1158 post
1024 1082 1102 1137 nata

85 1165 164 1227 sunt
187 1165 220 1224 et
242 1161 340 1225 etiam
364 1163 470 1244 prima
493 1184 531 1226 eo
554 1167 709 1247 ternpore,
731 1186 796 1229 non
822 1162 1045 1248 supponenda;
1069 1166 1102 1226 et

85 1273 125 1315 ea
145 1271 228 1333 quae
247 1250 397 1333 subicias,
416 1252 523 1333 potius
542 1252 661 1316 vetulis
681 1275 778 1336 quam
797 1253 950 1338 pullitris‚
969 1255 1002 1316 ct
1020 1273 1102 1336 quae

84 1343 196 1404 rostra
223 1342 280 1403 aut
306 1359 432 1423 ungues
459 1361 525 1404 non
552 1341 696 1405 habeant
725 1345 850 1426 acutos,
879 1363 960 1425 quae
985 1341 1103 1409 debent

84 1427 197 1512 potius
220 1427 255 1490 in
278 1427 486 1512 concipiendo
506 1433 682 1512 occupatae
702 1451 771 1494 esse
795 1452 892 1513 quarn
911 1428 1101 1494 incubando.

44 1543 70 1585 re
86 1515 350 1600 adpositissimae
379 1516 419 1581 ad
447 1523 577 1600 partum
605 1522 681 1582 sunt
711 1518 881 1582 anniculae
905 1521 962 1582 aut
985 1517 1101 1582 bimae.

86 1605 115 1670 si
150 1626 212 1669 ova
243 1605 376 1688 gallinis
408 1606 572 1688 pavonina
604 1606 754 1690 subicias,
789 1629 862 1671 cum
894 1607 959 1671 ianr
992 1605 1102 1670 decem
1114 1611 1156 1668 10

85 1694 155 1757 dies
188 1693 296 1758 fovere
330 1694 450 1777 coepit,
481 1698 552 1758 tum
583 1696 719 1780 denique
747 1695 922 1780 gallinacia
950 1695 1103 1776 subicere,

85 1785 124 1846 ut
147 1803 211 1845 una
234 1782 378 1846 excudat.
425 1783 608 1867 gallinaciis
632 1785 717 1848 enirn
741 1785 837 1869 pullis
860 1783 912 1849 bis
936 1783 1010 1849 deni
1035 1783 1103 1849 dies

86 1892 170 1954 opus
190 1873 273 1950 sunt,
292 1870 465 1954 pavoninis
484 1874 535 1935 ter
553 1873 679 1937 noveni.
713 1895 766 1936 eas
785 1873 946 1936 includere
966 1875 1104 1956 oportet,

44 1988 71 2028 ιο
85 1963 124 2023 ut
147 1958 231 2022 diem
256 1962 288 2022 et
310 1964 438 2023 noctem
461 1960 622 2044 incubent,
642 1965 869 2045 praeterquam
890 1964 936 2043 [a]
956 1982 1052 2024 manc
1071 1963 1103 2024 et

85 2069 231 2131 vespere,
254 2047 330 2111 dum
354 2047 445 2112 cibus
465 2070 502 2112 ac
520 2050 610 2132 potio
630 2049 669 2113 iis
689 2050 790 2114 detur.
826 2054 955 2114 curator
974 2051 1103 2132 oportet
1115 2056 1153 2111 11

86 2137 263 2202 circumeat
291 2135 403 2200 diebus
431 2137 633 2221 interpositis
663 2139 786 2223 aliquot
813 2160 850 2203 ac
877 2143 1001 2203 vertere
1032 2159 1103 2221 ova,

85 2229 124 2290 ut
143 2224 354 2308 aequabiliter
373 2226 590 2290 concalefiant.
620 2249 680 2292 ova
697 2229 794 2311 plena
813 2227 879 2292 sint
897 2230 995 2311 atque
1009 2226 1104 2290 utilia

85 2335 196 2396 necne,
217 2313 432 2378 animadverti
450 2315 543 2379 aiunt
560 2339 666 2399 posse,
688 2317 716 2381 si
736 2316 903 2382 demiseris
923 2317 955 2380 in
975 2337 1103 2400 aquam,

43 2432 71 2475 25
86 2402 173 2487 quod
196 2402 291 2466 inane
314 2406 419 2484 natet,
448 2404 581 2487 plenum
604 2404 736 2469 desidit:
778 2406 842 2488 qui,
865 2409 901 2470 ut
923 2405 986 2469 hoc
1008 2404 1104 2467 intel·

84 2493 208 2576 legant,
232 2492 427 2575 concutiant,
450 2513 567 2575 errare,
590 2493 677 2576 quod
701 2495 842 2574 [inanes]
867 2494 984 2558 vitales
1003 2513 1102 2556 venas

85 2578 289 2644 confundant
315 2579 349 2642 in
376 2580 427 2646 iis.
471 2581 557 2645 idern
581 2582 679 2665 aiunt,
705 2603 778 2646 cum
802 2582 842 2646 ad
865 2583 975 2646 lumen
999 2583 1103 2644 sustu-

85 2668 178 2750 leris,
206 2668 291 2752 quod
319 2670 495 2752 perluceat,
527 2669 560 2734 id
588 2691 658 2734 csse
688 2670 757 2751 [ob]
787 2671 893 2736 inane.
940 2669 994 2753 qui
1023 2669 1155 2733 haeum

176 2843 417 2897 nsubsternenda
475 2845 621 2913 8peperit
679 2846 751 2899 9ab
770 2861 821 2901 om.
884 2850 918 2898 10
937 2844 973 2897 ab
993 2845 1103 2898 autum-

84 2912 146 2967 nali
235 2916 319 2968 antes
343 2915 375 2967 ut
398 2914 463 2984 post
490 2915 584 2982 (antea
609 2917 659 2971 aut
686 2918 752 2984 post
775 2916 815 2985 V)
907 2921 939 2969 12
966 2914 1102 2987 pullitris]

84 2990 180 3040 aotam
203 2986 358 3055 adpositam
382 3002 436 3040 essc
459 2987 602 3041 adnotavit
621 2986 768 3057 ¹Victorius
859 2991 892 3040 16
922 2988 1019 3040 decem
1043 2984 1103 3039 dies

84 3054 239 3124 gallinacia
266 3058 362 3110 fouere
392 3057 485 3124 coepit
507 3061 569 3111 tum
592 3057 712 3126 denique
732 3057 858 3111 subicere
948 3061 982 3109 21
1006 3055 1053 3126 iis]
1077 3054 1103 3108 is

85 3132 121 3180 27
141 3126 316 3181 confundant
334 3127 519 3196 (confundunt
542 3129 581 3198 V)
1021 3126 1025 3134 '

176 3275 192 3322 2
212 3284 278 3323 acus
297 3269 529 3324 substernendum
550 3270 718 3326 Priscianus
737 3272 754 3325 l.
776 3269 975 3340 Vp.162,17
1020 3272 1036 3322 8
1055 3284 1103 3337 pe·

84 3339 224 3410 pararito
315 3340 391 3394 9ab
416 3341 592 3408 aequinoctio
620 3340 737 3397 Ursinus
827 3346 861 3395 10
884 3341 921 3394 ad
940 3337 1103 3394 autumnale

85 3411 221 3481 Ancalites
272 3416 307 3465 20
334 3414 530 3481 praeterquam
558 3429 641 3468 mane
671 3413 820 3469 Iucundos
863 3417 906 3465 ‘tt
933 3411 1045 3488 ζωῆς,
1069 3412 1114 3458 aa·

85 3484 194 3537 badum
207 3498 262 3536 esse
273 3483 444 3552 sequestravit
463 3482 606 3543 Victorius
657 3491 695 3542 ‘28
707 3485 744 3541 td
758 3501 826 3542 esse
838 3482 934 3537 inane
946 3475 1142 3533 buibusdam
