2386 3742
113 122 178 185 144
521 121 711 178 VARRONIS

110 269 226 333 volunt
259 267 378 332 diutius
413 289 556 346 servare,
594 268 774 353 perfricant
807 267 875 332 sale
907 267 1037 332 minuto
1074 269 1124 331 aut

111 356 216 422 muria
243 360 310 420 tres
339 361 397 421 aut
419 359 573 442 quattuor
595 357 693 422 horas
724 377 825 441 eaque
849 356 962 420 abluta
986 355 1124 420 condunt

111 445 147 510 in
174 445 316 509 furfures
346 449 402 510 aut
430 467 515 510 acus.
560 445 595 509 in
623 445 834 529 supponendo
862 466 924 510 oua
953 445 1124 510 observant

113 538 150 599 ut
173 534 239 598 sint
260 555 394 599 numero
417 534 554 619 inparia.
600 556 670 613 ova,
696 556 779 618 quae
802 533 1008 617 incubantur,
1032 533 1123 597 habe·

113 625 209 687 antne
238 644 349 687 semen
376 624 471 707 pulli,
502 626 631 687 curator
659 623 837 707 quadriduo
859 626 937 706 post
960 644 1060 706 quam
1081 622 1124 684 in·
1145 640 1154 681 s

112 711 224 776 cubari
260 713 367 795 coepit
402 712 589 795 intellegere
625 716 745 795 potest.
804 711 832 776 si
870 714 986 776 contra
1021 712 1125 775 lumen

113 801 218 878 tenuit
241 803 274 864 et
295 823 413 884 purum
435 799 531 864 unius
551 800 639 864 modi
658 821 728 865 esse
748 800 989 881 animadvertit,
1011 800 1125 884 putant

61 899 100 958 13
113 888 292 954 eiciendum
316 893 349 953 et
372 889 459 954 aliud
484 888 718 954 subiciendum.
765 910 898 954 excusos
921 888 1033 971 pullos
1057 888 1125 952 sub-

113 978 291 1044 ducendum
319 999 358 1042 ex
386 978 524 1061 singulis
551 977 637 1042 nidis
665 981 698 1042 et
730 977 953 1043 subiciendum
985 977 1016 1040 ei
1048 996 1125 1061 quae

112 1066 233 1131 habeat
255 1088 388 1151 paucos3
413 1068 454 1131 ab
474 1088 586 1150 eaque,
610 1067 637 1130 si
656 1066 782 1150 reliqua
801 1066 867 1131 sint
885 1087 947 1130 ova
965 1065 1154 1149 pauciora,1o

111 1156 259 1219 tollenda
281 1159 316 1219 et
338 1154 526 1220 subicienda
548 1155 630 1240 aliis,
661 1176 743 1239 quae
765 1156 908 1219 nondum
932 1155 1126 1219 excuderunt

113 1246 145 1307 et
174 1244 280 1308 minus
308 1243 431 1308 habent
458 1244 596 1328 triginta
623 1245 739 1327 pullos.
789 1243 851 1308 hoc
881 1243 966 1308 enim
995 1264 1126 1329 gregem

112 1332 269 1396 maiorem
288 1354 354 1402 non
373 1332 564 1398 faciendum.
601 1333 808 1397 obiciendum
827 1332 925 1416 pullis
944 1332 1060 1397 diebus
1081 1350 1126 1397 xv

111 1421 226 1504 primis
248 1443 344 1487 mane
368 1421 514 1487 subiecto
537 1421 678 1505 pulvere,
700 1443 741 1485 ne
764 1421 879 1486 rostris
903 1424 1019 1485 noceat
1042 1425 1127 1486 terra

112 1510 204 1594 dura,
231 1511 398 1593 polentam
426 1511 561 1574 mixtam
588 1532 661 1574 cum
692 1511 834 1575 nasturti
857 1510 979 1574 semine
1003 1511 1075 1576 vdeo
1097 1513 1156 1574 ets

113 1620 197 1682 aqua
220 1599 388 1683 aliquanto
413 1602 488 1664 ante
512 1599 631 1663 factam
654 1599 812 1685 intritam,
834 1621 875 1662 ne
897 1602 969 1662 tum
992 1597 1127 1684 denique

62 1687 147 1753 ltin
171 1709 281 1752 eorum
306 1709 441 1771 corpore
464 1690 644 1772 turgescat:
668 1710 752 1772 aqua
774 1687 1022 1771 prohibendum.
1068 1709 1128 1770 qua

113 1775 151 1839 de
174 1776 325 1841 clunibus
349 1777 515 1860 coeperint
536 1777 656 1840 habere
679 1778 806 1861 pinnas,
830 1776 982 1861 ecapite,
1006 1797 1023 1839 e
1045 1777 1127 1841 collo

113 1885 224 1929 eorum
248 1865 361 1930 crebro
385 1865 526 1950 eligendi
549 1865 658 1948 pedes:
688 1887 784 1948 saepe
808 1865 894 1929 enim
917 1868 1052 1949 propter
1076 1886 1127 1930 eos

112 1958 354 2018 consenescunt.
391 1956 512 2018 circum
530 1975 645 2019 caveas
667 1975 778 2018 eorum
801 1952 1038 2018 incendendum
1063 1970 1157 2019 cor-²⁰

112 2063 191 2106 num
215 2043 391 2126 cervinum,
412 2065 454 2107 ne
478 2064 561 2126 quae
583 2064 716 2126 serpens
740 2042 884 2125 accedat,
915 2064 1055 2126 quarum
1079 2044 1127 2107 be

113 2131 250 2195 stiarum
269 2153 307 2195 ex
327 2132 424 2196 odore
444 2132 551 2196 solent
569 2132 710 2198 interire.
736 2130 953 2216 prodigendae
972 2131 1008 2195 in
1028 2132 1128 2196 solem

113 2222 146 2282 et
168 2220 201 2283 in
226 2220 437 2302 stercilinum,
460 2224 498 2284 ut
521 2221 667 2285 volutare
690 2221 832 2304 possint,
857 2219 942 2304 quod
966 2220 1014 2284 ita
1038 2220 1127 2286 alibi-

61 2307 210 2375 151iores
237 2309 334 2392 fiunt3
371 2331 475 2393 neque
503 2309 628 2395 pullos,
655 2310 710 2373 sed
738 2331 834 2374 omne
863 2309 1129 2375 ornithoboscien

113 2417 187 2460 cum
219 2400 358 2481 aestate,
392 2401 463 2462 tum
495 2399 607 2483 utique
640 2419 712 2462 cum
741 2401 918 2482 tempestas
947 2398 990 2462 sit
1019 2398 1160 2463 monne

113 2490 211 2569 atque
238 2486 396 2571 apricum,
438 2486 563 2552 intente
592 2509 691 2571 supra
719 2491 804 2572 rete,
840 2487 926 2572 quod
957 2487 1130 2571 prohibeat

112 2596 168 2638 eas
204 2579 295 2640 extra
328 2578 440 2659 saepta
473 2576 601 2640 evolare
631 2579 664 2640 et
692 2577 727 2640 in
754 2596 808 2640 eas
836 2575 983 2640 involare
1012 2576 1131 2641 extrin-

114 2684 204 2727 secus
233 2665 421 2748 accipitrem
452 2667 509 2728 aut
536 2664 614 2748 quid
638 2664 732 2749 aliut3
767 2665 944 2730 esitantem
967 2664 1131 2731 caldorem

115 2754 147 2815 et
161 2751 274 2837 frigus,
295 2753 379 2836 quod
394 2757 566 2836 utrumque
580 2753 621 2816 iis
636 2753 816 2818 adversum.
845 2775 917 2818 cum
931 2752 996 2817 iam
1012 2754 1131 2837 pinnas

113 2839 289 2925 habebunt,
309 2841 615 2907 consuefaoinndnm
634 2845 672 2906 ut
684 2864 783 2906 unam
797 2845 854 2907 aut
868 2842 948 2907 duas
964 2846 1132 2908 sectentur
1144 2860 1164 2901 a

114 2929 270 3013 gallinas,
298 2933 423 2995 ceterae
451 2933 488 2995 ut
514 2931 624 3016 potius
654 2931 694 2995 ad
721 2931 912 3015 pariendum
941 2931 1008 2995 sint
1038 2953 1133 3018 expe

205 3108 219 3156 1
240 3102 345 3158 seruari
427 3106 586 3160 scendunt
668 3111 701 3160 15
723 3105 860 3160 nasturcii
884 3105 990 3160 semine
1010 3107 1136 3178 eraque

114 3173 260 3241 aliquanto
279 3176 344 3230 ante
362 3174 440 3230 faeta
458 3174 559 3232 intrita
612 3182 646 3232 22
666 3177 695 3231 in
715 3175 774 3232 sole
824 3175 996 3232 assolitam
1051 3177 1135 3234 alibi-

113 3245 185 3300 liora
257 3253 290 3300 26
310 3246 401 3314 adque

189 3413 357 3466 rseruare
386 3425 434 3466 mc
509 3407 681 3466 acondnnt
709 3408 851 3462 Incussus
921 3413 954 3461 22
983 3407 1016 3464 in
1044 3411 1137 3468 solem

77 3471 243 3538 Iracundus
321 3488 358 3542 23
381 3485 518 3545 uolutare
538 3500 555 3541 o
631 3478 791 3538 alitiliores
807 3477 951 3532 Immone
