2386 3742
127 120 170 186 30
536 55 722 175 Vnafflnrs

127 288 224 350 quam
248 287 359 331 recens
383 265 468 350 quod
491 265 671 330 confracuit
694 264 819 330 melius.
856 287 915 330 neo
938 288 1004 331 non
1026 266 1144 331 sterci-

88 418 91 426 ,
126 355 230 419 linum
254 355 370 418 melius
392 350 482 437 illud,
505 355 594 419 cuius
617 355 721 419 latera
745 357 778 417 et
799 375 962 418 summum
980 354 1084 439 virgis
1105 377 1143 420 11

125 443 239 508 fronde
277 443 473 507 vindicatum
498 465 517 507 a
541 443 617 507 sole.
669 465 736 507 non
769 443 854 506 enim
887 464 1012 521 sucum,
1045 465 1143 527 quem

127 531 255 617 quaerit
277 535 373 614 terra,
397 531 499 596 solem
524 535 599 595 ante
622 552 759 616 exugere
783 535 921 613 oportet.
957 532 1067 615 itaque
1087 554 1142 616 pe·

125 621 191 704 riti,
214 621 269 704 qui
292 623 440 705 possunt,
462 623 499 683 ut
519 641 555 684 eo
575 641 658 703 aqua
676 620 791 683 influat
809 641 846 684 eo
866 619 996 684 nomine
1014 620 1141 685 faciunt
1165 638 1176 680 s

128 706 188 796 (sic
216 709 302 773 enim
330 708 474 773 marimo¹
497 698 655 772 retinetur
680 708 802 790 sucus),
825 708 858 771 in
882 730 984 791 eoque
1007 708 1140 793 quidam

97 798 224 863 5sellas
247 797 458 862 familiaricas
486 800 621 881 ponunt.
666 797 846 882 aediticium
869 795 976 861 facere
1000 802 1141 881 oportet,

127 887 186 950 sub
210 886 295 971 quod
313 889 437 950 tectum
460 889 563 950 totam
586 885 678 949 fundi
696 886 841 950 subicere
864 886 972 969 possis
992 907 1141 967 messem,

125 974 211 1058 quod
234 977 352 1038 vocant
374 973 505 1058 quidam
528 973 735 1039 nubilarium.
780 973 813 1037 id
834 974 1008 1038 secundum
1030 995 1140 1039 aream

125 1063 320 1145 faciendum,
351 1063 409 1127 ubi
436 1063 572 1127 triturus
601 1063 646 1126 sis
673 1062 888 1146 frumentum,
915 1063 1140 1147 magnitudine
1154 1083 1176 1122 ro

125 1173 184 1234 pro
209 1150 306 1216 modo
329 1150 430 1233 fundi,
455 1173 493 1215 ex
516 1173 581 1215 una
602 1151 690 1234 parti
710 1154 868 1236 apertum,
891 1154 924 1214 11
942 1151 975 1215 id
993 1152 1034 1215 ab
1054 1173 1141 1235 area,

125 1261 189 1323 quo
214 1244 246 1303 et
269 1240 302 1303 in
325 1241 477 1303 trituram
500 1261 654 1324 proruere
676 1239 771 1304 facile
794 1239 901 1323 possis
925 1243 966 1323 et,
995 1240 1023 1303 si
1045 1240 1141 1305 nubi-

123 1328 191 1392 lare
215 1328 330 1412 coepit,
353 1327 428 1392 inde
451 1331 488 1392 ut
509 1350 621 1392 rursus
645 1328 791 1392 celeriter
812 1328 940 1392 reicere.
977 1327 1140 1393 fenestras
1159 1350 1171 1375 ⁴

122 1417 244 1485 habere
272 1420 401 1501 oportet
424 1439 463 1481 ex
487 1438 524 1481 11
547 1416 648 1500 parti,
675 1417 759 1480 unde
782 1416 1044 1481 commodissime
1067 1439 1141 1502 per-

94 1505 195 1570 611111
218 1505 330 1588 possit.
377 1504 573 1586 Fundanius,
596 1504 818 1587 Fructuosior,
841 1505 955 1589 inquit,
980 1508 1030 1569 est
1050 1509 1138 1570 certe
1152 1523 1177 1564 rs

124 1593 244 1658 fundus
267 1597 402 1678 propter
425 1593 583 1674 aedificia,
613 1594 641 1657 si
664 1594 772 1676 potius
797 1593 837 1658 ad
861 1594 1043 1659 anticorum
1067 1594 1140 1659 dili-

124 1683 269 1766 gentiam
292 1705 390 1767 quam
414 1682 455 1746 ad
477 1683 593 1747 borum
616 1683 777 1746 luxuriam
796 1681 922 1767 derigas
942 1682 1140 1746 aedificatio·
1177 1678 1179 1682 '

124 1792 206 1838 nem.
252 1771 301 1835 illi
334 1772 419 1835 enim
451 1770 615 1836 faciebant
648 1771 688 1835 ad
719 1771 860 1835 fructum
893 1771 1068 1854 rationem,
1104 1771 1140 1835 hi

123 1859 247 1924 faciunt
275 1859 316 1924 ad
344 1858 494 1924 libidines
522 1858 704 1925 indomitas.
750 1859 860 1943 itaque
883 1859 1015 1924 illorum
1037 1859 1139 1924 villae

25 1955 28 2002 ἱ
123 1949 262 2013 rusticae
286 1952 380 2012 erant
403 1949 535 2014 maioris
557 1948 642 2033 preti
660 1970 756 2032 quam
775 1949 929 2032 urbanae,
951 1970 1032 2032 quae
1050 1968 1177 2014 nuncio

123 2041 198 2101 sunt
221 2037 374 2121 pleraque
399 2042 521 2102 contra.
566 2037 636 2101 illic
658 2036 852 2100 laudabatur
874 2037 960 2119 villa,
988 2037 1017 2100 si
1040 2036 1141 2102 habe-

122 2126 180 2190 bat
203 2127 343 2190 culinam
367 2127 522 2190 rusticam
545 2126 679 2208 bonam,
702 2125 868 2209 praesepis
892 2125 997 2206 laxas,
1024 2126 1141 2190 cellam

122 2214 282 2301 vinariam
305 2215 339 2277 et
362 2214 516 2279 oleariam
540 2213 581 2278 ad
608 2214 740 2279 modum
764 2214 836 2298 agri
860 2217 971 2296 aptam
995 2217 1027 2277 11
1050 2215 1142 2298 pavi-

122 2306 232 2367 mento
260 2303 397 2386 proclivi
425 2303 459 2366 in
488 2304 608 2384 lacum,
637 2302 723 2387 quod
751 2323 860 2386 saepe,
891 2303 947 2366 ubi
970 2302 1142 2368 conditum

121 2412 243 2454 novum
261 2391 381 2474 vinum,
404 2413 499 2456 orcae
516 2390 551 2455 in
570 2391 730 2476 Hispania
748 2391 875 2456 fervore
899 2391 999 2454 musti
1022 2395 1141 2475 ruptae
1155 2410 1180 2452 rs

122 2501 226 2563 neque
254 2502 320 2544 non
345 2480 438 2545 dolea
464 2479 627 2545 11111111.
674 2480 752 2544 item
777 2484 885 2544 cetera
910 2482 948 2543 ut
971 2483 1082 2544 essent
1104 2481 1142 2544 in

122 2569 200 2632 villa
213 2569 347 2633 huiusce
362 2569 458 2652 modi,
477 2591 559 2654 quae
573 2570 700 2633 cultura
719 2571 896 2653 quaereret,
914 2568 1142 2650 providebant.

94 2666 111 2722 7
122 2678 208 2721 nuno
232 2662 346 2722 contra
368 2657 481 2722 villam
504 2659 662 2722 urbanam
686 2679 784 2741 quam
805 2657 979 2720 maximam
999 2677 1035 2721 ac
1055 2657 1141 2741 poli·

123 2745 282 2810 tissimam
314 2746 459 2810 habeant
491 2746 570 2810 dant
598 2767 733 2830 operam
767 2767 804 2809 11
837 2767 910 2808 curn
942 2744 1068 2810 Metelli
1101 2767 1143 2812 11

212 2937 389 2992 1111111111
478 2937 623 3007 opossint
713 2942 745 2991 12
764 2936 916 2990 1111111111
1011 2937 1140 2992 1611111-

122 3024 240 3076 quorum
260 3009 426 3077 (anticorum
440 3010 497 3064 cod.
512 3010 591 3077 Par.)
648 3013 681 3063 18
700 3007 823 3062 fructum
841 3007 995 3078 (1111111111
1010 3007 1143 3075 plurima

122 3082 294 3150 apoprcphu)
366 3079 410 3152 hi]
431 3081 475 3134 hic
539 3086 573 3135 20
591 3079 677 3148 pretii
730 3084 764 3133 22
784 3079 937 3149 praesepiis
992 3083 1027 3132 24
1046 3079 1138 3150 quod]

122 3153 192 3218 quot
263 3156 298 3223 ²5.
316 3150 347 3204 in
365 3151 523 3220 hispaniam
595 3157 629 3205 21
649 3152 765 3219 quaeret
836 3147 999 3204 2911111111

210 3337 223 3381 1
246 3327 404 3383 1111111111
422 3327 543 3397 Scaliper
643 3328 796 3395 opossunt
814 3327 961 3381 Iucundos
1054 3331 1087 3380 12
1108 3327 1139 3382 11

105 3395 282 3455 1111111111
359 3399 604 3456 181111111111
659 3403 695 3452 21
712 3398 745 3451 11
760 3397 929 3466 Hispaniae
997 3401 1031 3450 27
1052 3413 1138 3466 quae·
1181 3398 1185 3435 ='

88 3468 174 3520 reret
190 3469 356 3529 [arandus
435 3478 469 3530 29
490 3471 606 3530 metelli
624 3471 685 3528 cod.
706 3469 775 3524 Por.
