2386 3742
280 120 410 176 RERVM
427 115 665 178 RVSTIOARVM
683 121 750 176 LIB.
770 122 783 175 Ι
802 128 907 177 40-41
1030 130 1032 134 ⁴
1056 123 1102 188 55

81 287 169 330 nunc
198 266 296 332 etiam
326 265 507 352 solstitiali,
535 271 572 331 ut
598 267 693 351 ficus,
722 267 808 352 quod
839 267 939 332 densa
963 269 1101 332 materia

82 377 151 420 non
180 359 231 418 est
260 359 293 419 et
320 355 392 420 ideo
421 356 568 441 sequitur
594 356 765 423 caldorem.
812 379 831 419 a
861 378 923 440 quo
947 356 985 419 fit
1008 359 1045 421 ut
1067 356 1101 419 in

82 444 166 510 locis
197 442 323 528 frigidis
355 443 453 508 ficeta
488 445 556 508 fieri
584 467 651 510 non
677 445 814 530 possint.
866 467 951 529 aqua
978 447 1102 511 recenti

83 533 185 597 insito
208 532 354 596 inimica:
378 533 533 597 tenellum
558 535 644 598 enim
665 536 730 598 cito
749 533 830 598 facit
847 537 952 618 putre.
989 533 1130 619 itaquel

58 623 156 706 ⁶[qni
179 622 230 702 fit]
254 621 419 686 caniculae
443 622 537 707 signo
557 622 819 687 commodissime
839 623 1044 687 existimatur
1063 645 1101 687 θα

82 709 193 775 inseri.
244 731 325 793 quae
359 713 468 774 autem
500 715 617 776 natura
644 712 751 775 minus
781 715 858 775 sunt
884 710 1011 790 mollia,
1042 734 1100 776 vas

83 798 217 884 aliquod
235 819 335 882 supra
353 798 501 884 alligant,
520 799 603 864 unde
621 800 725 864 stillet
738 800 826 863 lente
841 822 934 883 aqua,
954 801 1099 882 ueprius

84 890 254 952 exarescat
276 887 435 971 surculus,
458 911 554 972 quam
578 890 729 954 colescat.
771 889 861 952 cuius
886 888 1007 953 surculi
1032 911 1100 953 cor·

82 977 183 1041 tieem
212 976 377 1060 integrum
401 977 595 1041 servandum
620 980 653 1042 et
685 999 758 1042 eum
792 977 837 1041 sic
870 977 1100 1061 exacuendum,

48 1080 68 1121 1⁰
81 1069 121 1129 ut
158 1085 226 1129 non
265 1064 405 1129 denudes
438 1065 636 1131 medullam
675 1088 716 1129 ne
749 1066 947 1131 extrinsecus
980 1065 1100 1132 imbres
1135 1070 1139 1086 ‘

81 1157 225 1218 noceant
244 1156 301 1217 aut
318 1153 437 1217 nimius
457 1154 559 1238 calor,
583 1155 702 1240 argilla
728 1155 938 1218 oblincndum
958 1177 995 1219 ac
1015 1155 1100 1220 libro

82 1241 305 1326 obligandum.
351 1243 462 1326 itaque
490 1243 589 1307 vitem
616 1244 724 1308 triduo
756 1247 931 1328 antequam
954 1245 1130 1311 inserant3

82 1332 247 1414 desecant,
270 1334 308 1394 nt
331 1331 445 1414 quiin
469 1353 507 1395 ea
530 1332 651 1396 nimius
676 1339 726 1396 est
745 1355 838 1396 umor
857 1332 986 1411 defluat,
1010 1338 1099 1398 ante-

83 1442 184 1504 quam
211 1419 386 1501 inseratur3
424 1423 481 1484 aut
507 1420 542 1484 in
570 1443 667 1506 quam
690 1422 856 1505 inserunt,
884 1423 917 1485 in
941 1443 979 1485 ea
1002 1423 1100 1505 paulo

38 1521 67 1566 1⁵
81 1509 180 1591 infra,
204 1530 300 1592 quam
323 1508 456 1573 insitum
480 1513 539 1587 est,
562 1510 725 1593 incidunt,
754 1511 816 1591 [in]
841 1532 906 1593 qua
923 1532 1023 1584 ¹umor
1046 1510 1100 1574 ad-

81 1596 245 1662 venticius
269 1596 400 1661 effluere
423 1597 539 1681 possit.
585 1603 698 1663 contra
725 1599 759 1661 in
789 1599 849 1663 fico
874 1602 908 1661 et
930 1599 1018 1662 malo
1042 1621 1100 1682 pu-

81 1686 169 1769 nica,
188 1691 221 1750 et
239 1686 353 1768 siquae
372 1687 471 1750 etiam
491 1687 608 1751 horum
626 1690 745 1751 natura
764 1686 913 1768 aridiora,
937 1688 1101 1755 continuo.

81 1776 121 1839 in
144 1773 217 1838 aliis
244 1774 516 1840 translationibus
544 1776 718 1840 videndum
745 1779 783 1839 ut
811 1776 897 1859 quod
924 1776 1101 1842 transferat

84 1863 150 1944 [in]
175 1884 327 1928 cacumen
350 1864 472 1928 habeat
494 1883 666 1948 gemmam,
689 1868 725 1929 ut
748 1865 784 1927 in
806 1864 885 1927 ficis.

38 1967 67 2008 20
175 1951 225 2017 De
248 1951 298 2016 his
321 1953 435 2034 primis
460 1957 615 2036 quattuor
634 1952 806 2038 generibus
826 1953 986 2016 seminum
1004 1962 1132 2037 quae-4

84 2039 163 2103 dam
190 2040 275 2126 quod
302 2041 462 2125 tardiora,
497 2041 635 2106 surculis
663 2041 772 2124 potius
801 2041 969 2124 utendum,
1004 2045 1040 2106 ut
1067 2041 1101 2104 in

82 2128 189 2193 ficetis
216 2127 350 2193 faciunt.
396 2129 449 2194 fici
480 2131 566 2194 enim
591 2152 699 2195 semen
722 2131 869 2195 naturale
892 2130 981 2194 intus
1005 2130 1040 2193 in
1063 2152 1102 2194 θα

82 2218 158 2299 fico,
181 2239 278 2301 quam
302 2219 435 2300 edimus,
459 2241 541 2304 quae
566 2224 641 2284 sunt
663 2220 789 2284 minuta
811 2240 923 2304 grana,
946 2218 1101 2303 equibus

84 2307 196 2390 parvis
235 2306 321 2389 quod
358 2308 466 2371 enasci
505 2307 632 2373 coliculi
664 2308 718 2374 vix
752 2313 874 2394 queunt
906 2345 950 2354 -
992 2309 1102 2373 omnia

38 2410 68 2451 25
85 2395 174 2459 enim
197 2395 322 2459 minuta
350 2399 382 2460 et
413 2396 504 2461 arida
532 2397 571 2460 ad
595 2398 801 2462 crescendum
824 2396 927 2478 tarda,
957 2419 995 2461 θα
1019 2419 1101 2481 quae

83 2484 225 2567 laxiora,
256 2487 289 2547 et
316 2484 518 2563 fecundiora,
546 2489 583 2549 ut
612 2485 734 2550 femina
762 2508 858 2569 quam
887 2507 957 2548 mas
986 2489 1019 2549 et
1042 2507 1100 2568 pro

83 2572 235 2656 portione
258 2573 293 2636 in
315 2574 465 2658 virgultis
489 2574 583 2638 item:
615 2575 725 2657 itaque
743 2575 833 2657 ficus,
856 2573 963 2636 malus
981 2574 1101 2656 punica

85 2665 120 2724 et
148 2660 225 2724 vitis
253 2666 387 2745 propter
414 2662 587 2727 femineam
617 2662 791 2727 mollitiam
821 2662 862 2725 ad
893 2662 1101 2726 crescendum

84 2771 199 2834 prona,
223 2753 336 2815 contra
358 2751 468 2836 palma
491 2755 523 2815 et
542 2773 711 2834 cupressus
732 2756 764 2815 et
782 2751 855 2815 olea
873 2750 908 2814 in
927 2752 1132 2820 crescendo5

177 2948 193 2995 2
214 2941 367 2997 caldiorem
441 2949 473 2997 12
493 2941 580 2997 uitem
599 2943 693 2998 triduo
713 2942 813 3012 (uitem
832 2960 895 2997 cum
913 2941 1007 2997 triduo
1028 2943 1100 3013 Pol.)

87 3021 121 3067 13
151 3012 200 3080 qui
226 3013 257 3067 in
284 3013 330 3084 ea]
356 3014 467 3081 quodea
557 3012 669 3069 diffluat
760 3019 793 3067 14
816 3013 846 3066 in
869 3014 965 3084 quam]
991 3014 1021 3067 in
1045 3030 1102 3082 qua

86 3090 121 3139 16
146 3084 248 3153 punico
271 3084 385 3153 (punica
413 3085 451 3154 V)
533 3090 566 3138 17
590 3084 670 3153 siqua
764 3083 887 3139 aridiora
915 3085 1030 3154 (aridior
1061 3084 1102 3154 V)

87 3161 122 3210 18
142 3155 373 3210 translationibus
392 3154 620 3224 (tranlationibus
641 3157 714 3226 Pol.)
818 3160 852 3209 20
872 3155 907 3210 de
930 3154 966 3211 iis
991 3154 1102 3224 (dehis

85 3228 195 3295 apocr.)
268 3232 303 3280 28
321 3225 456 3281 feminam
1012 3245 1018 3251 ·

178 3405 355 3460 tealdorem
373 3405 519 3462 Iracundus
574 3409 608 3460 13
626 3405 661 3460 ut
679 3403 732 3476 uui
745 3401 782 3459 in
796 3419 835 3459 ea
849 3419 899 3458 rao
958 3401 1119 3453 nessae

82 3481 121 3530 28
136 3475 285 3530 femineam
304 3492 354 3532 mc
519 3491 522 3497 ·
1066 3481 1071 3488 “
