2386 3742
63 128 127 193 120
191 126 377 183 VARRONIS
396 126 526 182 RERVM
545 125 782 182 RVSTIGARVM
800 124 869 181 LIB.
889 125 917 180 H
933 133 967 182 11

96 352 99 358 Ι
151 271 206 336 Illi
237 273 315 354 hoc,
342 293 446 356 neque
474 272 516 336 ab
544 271 607 337 hoc
630 271 715 356 quod
738 273 881 336 muiarct
905 269 1072 338 Cossinius.

62 366 95 426 ei
124 361 223 426 simul
245 360 352 426 viruli
381 361 520 425 libertus
550 361 585 424 in
611 361 724 425 urbem
756 360 888 425 veniens
913 381 954 424 ex
976 361 1071 426 hortis

62 450 241 515 devertitur
265 449 306 513 ad
328 470 389 513 nos
413 453 454 534 ei,
477 448 550 534 Ego
575 449 616 514 ed
638 453 671 514 ce
694 449 823 532 missus,
845 449 971 534 inquit,
993 450 1071 514 ibam

62 540 193 603 domum
217 542 368 622 rogatum
392 560 432 602 ne
456 537 542 603 diem
564 538 685 603 festum
704 537 825 603 faceres
844 537 1027 602 breviorem
1044 540 1071 600 ei

61 631 187 692 mature
215 628 350 693 venires.
395 626 509 711 Itaque
537 626 731 692 discedimus
760 646 820 710 ego
849 630 883 690 et
907 624 1021 692 Scrofa
1040 627 1088 690 ins

60 717 174 781 hortos
207 716 248 780 ad
281 716 438 798 Viiulum‚
470 715 573 801 Niger
606 715 668 797 [in]
702 714 841 780 Turrani
872 719 997 796 noster,
1027 715 1070 778 illi

59 805 181 890 partim
205 804 345 888 domum,
367 804 487 887 partim
511 805 552 869 ad
573 804 747 869 Menatem.

150 1003 164 1051 1
184 997 304 1052 cosinius
323 995 471 1066 (cossinius
494 995 532 1064 V)
582 1001 598 1049 2
619 1013 652 1050 ex
671 995 759 1050 hertis
804 1001 820 1050 6
840 996 949 1068 noster]
968 995 1068 1051 inesto

61 1076 76 1124 ⁷
99 1069 223 1124 lenatem
247 1111 253 1123 .
277 1067 314 1124 M.
339 1066 464 1122 Terentii
486 1065 621 1122 Varronis
639 1083 732 1122 rerum
750 1066 922 1121 russicarum
942 1067 1012 1122 liber
1032 1082 1068 1121 se·

60 1140 167 1195 cundus
187 1139 310 1209 explicit.
355 1138 456 1208 incipit
474 1139 508 1193 de
528 1137 662 1193 villaticis
681 1136 859 1207 pastionibus
877 1137 952 1193 liber
968 1136 1068 1210 tertius.

149 1322 164 1368 2
194 1333 228 1369 ex
255 1315 344 1383 hortis
371 1333 418 1370 mc
523 1321 539 1369 6
566 1313 655 1384 Niger
682 1313 803 1369 Turrani
829 1317 928 1370 noster
959 1315 1067 1370 Ursinus

62 1385 258 1442 iMacnatem
282 1386 399 1441 Ursinus
