2386 3742
296 109 425 164 RERVM
443 108 680 165 RVSTICARVM
699 109 764 164 LIB.
779 110 835 164 111
1030 108 1071 173 77

54 259 94 320 ut
117 254 187 319 sint
208 254 328 337 parvis.
364 255 462 319 tertia
484 276 560 339 pars
584 259 642 338 est,
666 277 729 339 quo
754 255 798 320 sit
821 255 956 320 seminio
977 277 1073 339 quae-

54 343 207 410 rendum.
250 343 313 408 hoc
335 343 467 408 nomine
490 343 576 411 enim
600 344 683 408 asini
706 345 859 410 Arcadici
880 344 915 408 in
939 343 1074 410 Graecia

54 431 235 516 nobilitati,
247 431 292 507 >in
310 431 408 497 Italia
426 432 568 516 Reatini,
590 454 691 518 usque
711 455 748 498 eo
771 437 807 498 ut
826 455 898 498 mea
915 434 1074 499 memoria

57 522 173 588 asinus
201 521 338 586 venierit
367 521 525 587 sestertiis
558 522 691 586 milibus
724 523 895 606 sexaginta
926 528 959 588 et
991 544 1074 588 unae

27 609 239 696 aquadrigae
267 608 392 675 Romae
424 611 632 677 constiterint
658 611 904 696 quadringentis
933 611 1074 677 milibus.

58 702 180 785 quarta
201 707 288 783 pars·
302 703 353 764 est
375 699 413 763 de
436 700 505 764 iure
528 699 562 763 in
586 700 741 784 parando,
764 722 860 784 quem
884 701 924 765 ad
942 701 1126 765 modum15

58 809 223 874 quamque
241 788 397 871 pecudem
416 789 480 853 emi
500 792 651 872 oporteat
670 788 758 855 civili
776 789 854 854 iure.
882 789 969 872 quod
989 789 1075 853 enim

58 876 198 943 alterius
221 875 295 961 fuit,
316 877 350 940 id
372 880 410 941 ut
432 877 491 942 fiat
513 899 631 961 meum,
652 898 784 942 necesse
809 880 859 942 est
882 878 1007 961 aliquid
1027 877 1075 942 in·

57 965 237 1050 teroedere,
264 986 368 1049 neque
395 967 429 1030 in
459 966 610 1031 omnibus
639 965 719 1030 satis
743 971 793 1031 est
821 966 990 1050 stipulatio
1019 969 1076 1031 aut

10 1078 45 1122 ro
58 1053 182 1121 solutio
195 1076 402 1119 nummorum
417 1054 458 1120 ad
471 1054 684 1120 mutationem
700 1055 831 1122 domini.
862 1056 897 1118 in
912 1055 1076 1140 emptione

59 1143 146 1210 alias
173 1143 393 1222 stipulandum
422 1165 536 1208 sanum
564 1165 653 1228 esse,
688 1145 769 1210 alias
798 1166 815 1208 e
843 1167 923 1210 sano
951 1165 1077 1229 pecore,

59 1233 144 1298 alias
162 1236 323 1299 neutrum.
350 1233 471 1297 alterae
494 1237 603 1318 partes
628 1236 782 1318 quattuor
806 1237 890 1313 sunt,
914 1255 987 1298 cum
1010 1233 1127 1299 iam16

60 1319 190 1405 emeris,
212 1321 442 1405 observandae,
465 1322 504 1386 de
527 1321 686 1405 pastione,
712 1323 751 1386 de
774 1323 890 1406 fetura,
913 1323 951 1387 de
973 1322 1077 1387 nutri·

59 1415 149 1494 catu,
171 1409 210 1474 de
234 1410 383 1476 sanitate.
420 1411 575 1494 pascendi
597 1411 722 1495 primus
741 1412 832 1476 locus
852 1411 907 1496 qui
926 1415 984 1493 est,
1009 1412 1077 1476 eius

12 1523 46 1564 ιε»
59 1498 148 1565 ratio
179 1499 313 1583 triplex,
349 1500 383 1563 in
411 1521 476 1582 qua
506 1499 638 1584 regione
671 1522 832 1585 quamque
869 1500 1077 1584 potissimum

59 1608 179 1673 pascas
202 1591 236 1652 et
258 1588 387 1673 quando
412 1593 446 1654 et
468 1590 537 1672 qui,
560 1592 597 1652 ut
621 1610 734 1672 capras
758 1590 793 1653 in
816 1589 997 1653 montuosis
1021 1611 1077 1672 po·

60 1678 129 1742 tius
151 1677 231 1742 locis
256 1679 382 1762 [quam]
408 1676 578 1742 fruticibus
602 1699 699 1761 quam
722 1678 757 1741 in
778 1677 923 1742 herbidis
944 1677 1078 1761 campis,

61 1787 163 1850 equas
192 1768 315 1831 contra.
360 1788 466 1851 neque
494 1766 605 1831 eadem
632 1766 704 1831 loca
732 1767 858 1831 aestiva
887 1770 919 1830 et
940 1766 1078 1831 hiberna

62 1854 182 1920 idonea
205 1854 356 1919 omnibus
380 1855 420 1919 ad
443 1854 650 1939 pascendum.
694 1855 804 1941 itaque
829 1875 944 1941 greges
968 1855 1078 1920 ovium

16 1944 161 2028 solonge
194 1943 370 2028 abiguntur
403 1965 442 2008 ex
471 1944 591 2027 Apulia
623 1944 659 2007 in
687 1941 856 2009 Samnium
884 1943 1078 2008 aestivatum

62 2035 162 2117 atque
195 2032 236 2097 ad
262 2032 473 2117 publicanum
500 2034 708 2117 profitentur,
740 2054 798 2116 ne,
830 2032 859 2097 si
885 2032 1078 2116 inscriptum

61 2142 162 2206 pecus
175 2122 336 2204 paverint,
353 2121 425 2207 lege
440 2121 587 2186 censoria
606 2122 811 2187 conmittant.
839 2120 920 2185 muli
939 2141 956 2184 e
970 2119 1078 2185 Rosea
1090 2127 1129 2184 17

62 2211 240 2293 campestri
254 2213 378 2274 aestate
394 2211 567 2295 exiguntur
580 2211 615 2274 in
628 2211 649 2290 's
664 2209 827 2276 Burbures
842 2211 926 2275 altos
942 2213 1079 2275 montes.

63 2299 121 2384 qui
144 2299 353 2382 potissimum
377 2320 522 2383 quaeque
544 2299 706 2383 pecudum
734 2303 902 2384 pascatur,
930 2298 1080 2364 habenda

24 2412 49 2453 re
62 2386 160 2470 ratio,
189 2408 248 2452 nec
272 2388 375 2452 solum
400 2387 487 2473 quod
510 2389 606 2454 faeno
630 2389 667 2452 fit
691 2393 803 2453 satura
826 2410 908 2472 equa
932 2391 988 2452 aut
1010 2388 1079 2471 bos,

63 2498 138 2540 cum
162 2497 236 2540 sues
263 2476 326 2541 hoc
356 2476 461 2541 vitent
484 2481 517 2541 et
540 2481 698 2560 quaerant
721 2477 886 2561 glandem,
914 2477 969 2540 sed
994 2477 1079 2559 quod

62 2564 223 2631 hordeum
246 2568 279 2628 et
301 2564 378 2629 faba
405 2565 566 2630 interdum
591 2567 634 2631 sit
657 2565 850 2649 quibusdam
875 2564 1080 2630 obiciendum

63 2657 97 2718 et
120 2653 262 2718 dandum
285 2654 391 2719 bubus
414 2654 562 2737 lupinum
586 2657 619 2719 et
637 2653 781 2719 lactariis
805 2653 930 2718 medica
948 2656 981 2717 et
1000 2653 1079 2736 cyti-

155 2880 287 2936 2arcadi
359 2880 567 2952 timparando
642 2881 803 2936 rademini
826 2882 1081 2952 Victctplurima

65 2953 238 3023 apographa,
257 2951 374 3007 dominii
396 2952 423 3007 V
500 2953 529 3006 in
549 2953 718 3023 emptionem
800 2957 831 3006 11
852 2953 963 3024 sanum]
983 2951 1081 3008 statim

67 3030 100 3078 11
124 3039 220 3078 recore
243 3025 356 3094 (pecore
382 3023 410 3079 V
429 3030 455 3079 et
479 3026 616 3080 manullo
638 3022 809 3094 cpoprcplrd)
920 3030 952 3078 12
980 3027 1080 3079 neutro

66 3102 100 3150 14
120 3095 242 3165 primum
325 3100 357 3150 11
376 3093 540 3150 fructicibus
625 3101 659 3149 22
679 3094 812 3150 mulieros
832 3096 860 3150 et
878 3096 1046 3165 acampestri

156 3327 369 3383 2archadieic
461 3331 494 3379 10
512 3327 542 3380 in
560 3325 704 3396 emptione
721 3342 749 3380 m
839 3331 871 3379 11
899 3341 997 3379 sanum
1021 3341 1081 3379 esse
1155 3348 1157 3352 ⁴

70 3397 212 3525 &perparuam
265 3404 300 3452 14
317 3399 425 3469 primus
443 3397 522 3452 locus
540 3414 588 3453 mc
642 3401 677 3450 22
696 3395 769 3451 muli
785 3412 801 3450 e
819 3395 917 3452 Rosea
930 3394 1094 3460 eamuestx'x
