2386 3742
119 119 183 184 100
412 173 415 178 ,
534 119 722 176 VARRONIS

117 265 343 330 existimantur
365 264 493 329 facilius
517 286 644 330 macrae
668 265 847 349 concipere.
884 267 1000 329 eontra
1024 269 1132 331 taurus

117 354 240 419 duobus
264 354 430 418 mensibus
459 357 534 418 ante
559 354 773 418 admissuram
796 353 898 418 herba
920 357 956 418 et
977 355 1076 438 palea
1098 377 1132 420 ac

116 441 211 506 faeno
243 441 331 506 facio
362 442 524 524 pleniores
557 445 590 506 et
624 465 643 506 a
677 442 809 508 feminis
838 463 982 508 secerno.
1031 443 1132 508 habeo

115 534 228 594 tauros
255 530 405 614 totidem,
433 533 512 614 quot
535 531 679 615 Atticus,
710 531 750 595 ad
778 531 930 596 matrices
957 549 1034 596 Lxx
1062 533 1131 616 duo,
1157 612 1160 618 ,

115 641 217 683 unum
248 620 447 703 anniculum,
485 620 623 684 alterum
656 619 789 685 bimum.
842 619 923 684 haec
956 621 1160 686 secunduma

116 708 197 772 astri
220 712 367 773 exortum
391 709 486 792 facio,
509 708 595 793 quod
619 706 735 774 Graeci
757 711 876 774 vocant
897 709 1008 792 lyron,
1038 709 1130 775 fidem

65 797 231 862 13n0stri.
276 800 348 861 tum
378 796 513 882 denique
541 803 654 862 tauros
680 798 715 861 in
738 817 871 882 gregem
893 796 1017 882 redigo.
1064 820 1128 864 mas

116 907 158 950 an
175 886 298 949 femina
318 887 362 949 sit
380 889 545 969 concepta,
564 885 727 971 significat
746 886 901 951 descensu
915 888 1042 972 taurus,
1061 907 1129 951 eum

74 1020 80 1029 .
114 975 176 1038 init
195 975 261 1057 [si],
285 973 379 1058 quod,
399 975 427 1038 si
445 996 516 1038 mas
536 979 594 1057 est,
613 975 648 1038 in
667 974 881 1039 dexteriorem
900 977 1032 1059 partem
1050 975 1127 1059 abit3

115 1063 143 1127 si
165 1063 295 1145 femina,
319 1063 352 1126 in
376 1063 619 1128 sinisteriorem.
654 1085 710 1128 cur
728 1063 791 1127 hoc
807 1063 875 1147 fiat,
896 1084 956 1128 vos
974 1063 1125 1146 videritis,
1136 1082 1154 1122 u

114 1151 220 1234 inquit
252 1150 345 1233 mihi,
382 1152 438 1235 qui
470 1152 684 1217 Aristotelem
715 1152 834 1237 legitis.
883 1172 952 1216 non
989 1153 1124 1219 minores

114 1243 242 1322 oportet
265 1239 349 1303 inire
372 1241 491 1323 bimas,
514 1246 550 1305 ut
573 1241 688 1305 trimae
711 1241 854 1325 pariant,
885 1261 923 1305 eo
947 1241 1079 1320 melius,
1100 1242 1124 1305 si

114 1327 310 1410 quadrimae.
355 1329 528 1412 pleraeque
551 1329 684 1412 pariunt
706 1330 741 1392 in
764 1329 873 1394 decem
897 1350 1012 1415 annac,
1037 1351 1122 1414 quae·

113 1417 187 1481 dam
211 1419 311 1481 etiam
334 1417 451 1502 plures.
498 1418 637 1482 maxime
664 1418 816 1483 idoneum
839 1423 968 1502 tempus
993 1419 1036 1483 ad
1058 1441 1121 1484 con·

113 1505 295 1589 cipiendum
315 1529 333 1570 a
352 1506 496 1590 delphini
516 1512 630 1571 exortu
648 1528 750 1592 usque
769 1506 809 1570 ad
829 1505 896 1570 dies
912 1507 1147 1592 quadragintae

113 1598 169 1658 aut
191 1595 290 1679 paulo
313 1595 397 1679 plus.
434 1617 516 1679 quae
539 1595 627 1659 enim
650 1595 698 1660 ita
722 1601 948 1678 conceperunt,
971 1599 1121 1681 tempera·

112 1681 240 1748 tissime
265 1685 342 1747 anni
363 1689 510 1767 tempore
533 1684 678 1767 pariunt:
711 1705 828 1749 vaccae
853 1684 938 1747 enim
963 1685 1120 1749 mensibus

62 1770 223 1836 14dccem
248 1775 323 1836 sunt
345 1776 549 1858 praegnates.
586 1772 625 1836 de
649 1773 766 1857 quibus
787 1772 1015 1838 admirandum
1034 1774 1120 1856 scrip·

111 1863 182 1923 tum
215 1860 339 1945 inveni,
377 1863 535 1945 exemptis
566 1862 725 1927 testiculis
759 1861 788 1926 si
818 1861 931 1926 statim
961 1861 1120 1926 admiseris

111 1951 255 2033 taurum,
283 1946 459 2034 concipere.
506 1972 560 2015 eas
583 1951 675 2034 pasci
706 1954 837 2033 oportet
863 1951 943 2014 locis
972 1951 1147 2015 viridibusr

112 2042 145 2103 et
172 2041 313 2123 aquosis.
368 2061 482 2105 cavere
515 2043 643 2123 oportet
674 2061 716 2103 ne
749 2047 805 2104 aut
836 2039 1008 2124 angustius
1044 2041 1122 2104 stent

113 2129 169 2191 aut
191 2128 350 2192 feriantur
374 2132 431 2191 aut
455 2134 657 2193 concurrant.
693 2129 804 2212 itaque
823 2127 910 2212 quod
930 2149 986 2193 eas
1005 2132 1121 2193 aestate

110 2214 224 2279 tabani
247 2217 409 2281 concitare
434 2218 541 2281 solent
563 2221 596 2281 et
618 2216 776 2281 bestiolae
800 2216 958 2300 quaedam
984 2217 1121 2281 minutae

112 2303 172 2366 sub
196 2304 297 2368 cauda
320 2305 375 2388 ali,
403 2326 444 2369 ne
468 2305 687 2388 concitentur,
711 2305 812 2388 aliqui
836 2305 943 2369 solent
964 2304 1120 2371 includere

112 2393 243 2476 saeptis.
293 2393 333 2458 iis
364 2394 529 2459 substerni
556 2398 686 2477 oportet
715 2393 865 2459 frondem
894 2393 1023 2460 aliudve
1051 2391 1147 2479 quida

110 2480 145 2545 in
163 2482 292 2568 cubilia,
311 2504 373 2566 quo
394 2483 522 2548 mollius
542 2483 780 2567 conquiescant.
810 2486 935 2546 aestate
954 2483 996 2547 ad
1011 2503 1120 2567 aquen

60 2570 337 2654 15adpellendum
361 2573 421 2655 bis,
444 2571 550 2636 hieme
570 2573 680 2638 semel.
718 2593 791 2636 cum
810 2592 924 2654 parere
944 2574 1121 2655 coeperunt,

112 2660 287 2724 secundum
319 2660 450 2725 stabula
472 2660 628 2743 pabulum
653 2660 776 2725 servari
800 2662 930 2744 oportet
953 2661 1120 2746 integrum,

201 2857 215 2904 1
235 2851 433 2906 existimantur
452 2852 638 2920 (existimatur
663 2852 703 2920 V)
753 2858 770 2905 4
789 2852 864 2920 quod
883 2851 986 2906 atticus
1037 2859 1053 2907 8
1072 2849 1119 2904 dis·

112 2938 197 2977 censu
257 2928 289 2975 11
307 2921 407 2991 inquid
463 2923 607 2979 aristolam
625 2922 820 2994 (Aristotelem
843 2923 874 2991 V,
894 2921 1040 2977 aristolem
1058 2937 1119 2978 corr.

111 2993 288 3048 aristotelem
306 2996 338 3048 c'a
356 2995 502 3066 archetypo
521 2996 606 3061 fuisse
623 2996 742 3064 violetur)
833 3001 865 3048 13
884 2996 914 3047 in
932 2995 1031 3048 decem
1049 2991 1119 3048 annu

112 3065 153 3136 (in
171 3065 280 3120 decimo
300 3082 373 3120 anno
398 3065 436 3136 V)
493 3071 524 3120 15
543 3084 561 3120 a
580 3066 690 3135 dulpiui
710 3066 838 3120 eamurtu
894 3071 926 3120 16
947 3062 1120 3136 conciperunl

111 3142 145 3191 20
163 3136 288 3208 taurum]
308 3137 404 3192 statim
477 3143 512 3189 24
531 3137 581 3208 ali]
601 3137 652 3192 alii
722 3143 758 3192 27
778 3136 979 3207 appellandum

202 3339 234 3386 13
253 3331 284 3386 in
303 3331 401 3385 decem
419 3347 507 3386 annos
525 3333 672 3387 Iracundus
781 3337 813 3385 15
838 3349 855 3386 a
878 3329 1008 3401 delphini
1030 3330 1120 3386 exortu

99 3401 222 3461 Plataeae
245 3409 305 3461 erat.
330 3404 395 3461 list.
419 3401 507 3460 VIII
526 3407 579 3460 177
652 3407 686 3456 lt
710 3402 858 3456 admiseris
880 3406 996 3457 taurum
1018 3400 1120 3458 Setuci

86 3472 176 3532 derue
253 3483 291 3535 27
303 3476 524 3552 appellandum
543 3494 561 3534 u
