<?xml version="1.0" encoding="UTF-8"?>
<!DOCTYPE html PUBLIC "-//W3C//DTD XHTML 1.0 Transitional//EN"
    "http://www.w3.org/TR/xhtml1/DTD/xhtml1-transitional.dtd">
<html xmlns="http://www.w3.org/1999/xhtml" xml:lang="en" lang="en">
 <head>
  <title>
</title>
<meta http-equiv="Content-Type" content="text/html;charset=utf-8" />
  <meta name='ocr-system' content='tesseract 3.04.00' />
  <meta name='ocr-capabilities' content='ocr_page ocr_carea ocr_par ocr_line ocrx_word'/>
</head>
<body>
  <div class='ocr_page' id='page_1' title='image "./mterentivarroni01varrgoog/mterentivarroni01varrgoog_0010.png"; bbox 0 0 2386 3742; ppageno 0'>
   <div class='ocr_carea' id='block_1_1' title="bbox 483 122 1088 179">
    <p class='ocr_par' dir='ltr' id='par_1_1' title="bbox 483 122 1088 179">
     <span class='ocr_line' id='line_1_1' title="bbox 483 122 1088 179; baseline 0.002 -1"><span class='ocrx_word' id='word_1_1' title='bbox 483 122 690 179; x_wconf 78' lang='lat' dir='ltr'>PRAEFATIO</span> <span class='ocrx_word' id='word_1_2' title='bbox 1062 123 1088 179; x_wconf 98' lang='lat' dir='ltr'>V</span> 
     </span>
    </p>
   </div>
   <div class='ocr_carea' id='block_1_2' title="bbox 68 270 1127 3447">
    <p class='ocr_par' dir='ltr' id='par_1_2' title="bbox 68 270 1088 887">
     <span class='ocr_line' id='line_1_2' title="bbox 72 270 1088 356; baseline -0.001 -22"><span class='ocrx_word' id='word_1_3' title='bbox 72 270 191 356; x_wconf 87' lang='lat' dir='ltr'>petitas</span> <span class='ocrx_word' id='word_1_4' title='bbox 215 292 285 335; x_wconf 89' lang='lat' dir='ltr'>esse</span> <span class='ocrx_word' id='word_1_5' title='bbox 310 270 503 335; x_wconf 87' lang='lat' dir='ltr'>credendum</span> <span class='ocrx_word' id='word_1_6' title='bbox 526 275 584 352; x_wconf 91' lang='lat' dir='ltr'>est,</span> <span class='ocrx_word' id='word_1_7' title='bbox 608 271 636 335; x_wconf 94' lang='lat' dir='ltr'>si</span> <span class='ocrx_word' id='word_1_8' title='bbox 658 270 754 335; x_wconf 90' lang='lat' dir='ltr'>modo</span> <span class='ocrx_word' id='word_1_9' title='bbox 773 271 911 334; x_wconf 90' lang='lat' dir='ltr'>aliorum</span> <span class='ocrx_word' id='word_1_10' title='bbox 931 270 1088 334; x_wconf 90' lang='lat' dir='ltr'>librorum</span> 
     </span>
     <span class='ocr_line' id='line_1_3' title="bbox 69 357 1087 425; baseline -0.001 0"><span class='ocrx_word' id='word_1_11' title='bbox 69 360 267 425; x_wconf 85' lang='lat' dir='ltr'>anctoritate</span> <span class='ocrx_word' id='word_1_12' title='bbox 290 360 370 423; x_wconf 88' lang='lat' dir='ltr'>fides</span> <span class='ocrx_word' id='word_1_13' title='bbox 389 358 528 424; x_wconf 89' lang='lat' dir='ltr'>Victorii</span> <span class='ocrx_word' id='word_1_14' title='bbox 551 359 769 423; x_wconf 89' lang='lat' dir='ltr'>confirmatur.</span> <span class='ocrx_word' id='word_1_15' title='bbox 798 362 941 423; x_wconf 88' lang='lat' dir='ltr'>ceterum</span> <span class='ocrx_word' id='word_1_16' title='bbox 961 363 994 422; x_wconf 87' lang='lat' dir='ltr'>et</span> <span class='ocrx_word' id='word_1_17' title='bbox 1012 357 1087 424; x_wconf 90' lang='lat' dir='ltr'>Vic-</span> 
     </span>
     <span class='ocr_line' id='line_1_4' title="bbox 68 448 1088 530; baseline -0.002 -18"><span class='ocrx_word' id='word_1_18' title='bbox 68 449 175 512; x_wconf 86' lang='lat' dir='ltr'>torius</span> <span class='ocrx_word' id='word_1_19' title='bbox 204 453 237 512; x_wconf 91' lang='lat' dir='ltr'>et</span> <span class='ocrx_word' id='word_1_20' title='bbox 264 448 445 513; x_wconf 88' lang='lat' dir='ltr'>Politianus</span> <span class='ocrx_word' id='word_1_21' title='bbox 474 449 615 513; x_wconf 81' lang='lat' dir='ltr'>codicem</span> <span class='ocrx_word' id='word_1_22' title='bbox 643 449 678 511; x_wconf 91' lang='lat' dir='ltr'>in</span> <span class='ocrx_word' id='word_1_23' title='bbox 706 452 851 513; x_wconf 86' lang='lat' dir='ltr'>extrema</span> <span class='ocrx_word' id='word_1_24' title='bbox 876 451 969 530; x_wconf 91' lang='lat' dir='ltr'>parte</span> <span class='ocrx_word' id='word_1_25' title='bbox 992 448 1088 511; x_wconf 90' lang='lat' dir='ltr'>muti-</span> 
     </span>
     <span class='ocr_line' id='line_1_5' title="bbox 70 535 1087 620; baseline -0.001 -19"><span class='ocrx_word' id='word_1_26' title='bbox 70 538 175 601; x_wconf 89' lang='lat' dir='ltr'>latum</span> <span class='ocrx_word' id='word_1_27' title='bbox 198 537 371 602; x_wconf 78' lang='lat' dir='ltr'>habebant.</span> <span class='ocrx_word' id='word_1_28' title='bbox 417 559 493 601; x_wconf 91' lang='lat' dir='ltr'>nam</span> <span class='ocrx_word' id='word_1_29' title='bbox 516 536 693 620; x_wconf 85' lang='lat' dir='ltr'>posthaec</span> <span class='ocrx_word' id='word_1_30' title='bbox 715 538 817 601; x_wconf 81' lang='lat' dir='ltr'>verba</span> <span class='ocrx_word' id='word_1_31' title='bbox 839 535 889 600; x_wconf 92' lang='lat' dir='ltr'>III</span> <span class='ocrx_word' id='word_1_32' title='bbox 915 538 972 614; x_wconf 78' lang='lat'>17,</span> <span class='ocrx_word' id='word_1_33' title='bbox 994 538 1017 600; x_wconf 83' lang='lat'>4</span> <span class='ocrx_word' id='word_1_34' title='bbox 1040 542 1087 601; x_wconf 83' lang='lat' dir='ltr'>ta·</span> 
     </span>
     <span class='ocr_line' id='line_1_6' title="bbox 70 627 1086 710; baseline 0 -20"><span class='ocrx_word' id='word_1_35' title='bbox 70 627 206 690; x_wconf 63' lang='lat' dir='ltr'>bainam</span> <span class='ocrx_word' id='word_1_36' title='bbox 220 647 373 708; x_wconf 67' lang='lat' dir='ltr'>quaecum,</span> <span class='ocrx_word' id='word_1_37' title='bbox 397 648 478 710; x_wconf 88' lang='lat' dir='ltr'>quae</span> <span class='ocrx_word' id='word_1_38' title='bbox 502 631 646 689; x_wconf 88' lang='lat' dir='ltr'>extrema</span> <span class='ocrx_word' id='word_1_39' title='bbox 669 647 739 690; x_wconf 90' lang='lat' dir='ltr'>esse</span> <span class='ocrx_word' id='word_1_40' title='bbox 763 629 797 689; x_wconf 91' lang='lat' dir='ltr'>in</span> <span class='ocrx_word' id='word_1_41' title='bbox 820 627 928 691; x_wconf 90' lang='lat' dir='ltr'>codice</span> <span class='ocrx_word' id='word_1_42' title='bbox 953 629 1086 710; x_wconf 89' lang='lat' dir='ltr'>uterque</span> 
     </span>
     <span class='ocr_line' id='line_1_7' title="bbox 70 715 1087 799; baseline 0.001 -21"><span class='ocrx_word' id='word_1_43' title='bbox 70 715 252 797; x_wconf 75' lang='lat' dir='ltr'>adnotavit,</span> <span class='ocrx_word' id='word_1_44' title='bbox 281 715 405 799; x_wconf 89' lang='lat' dir='ltr'>reliqua</span> <span class='ocrx_word' id='word_1_45' title='bbox 432 719 502 778; x_wconf 93' lang='lat' dir='ltr'>tum</span> <span class='ocrx_word' id='word_1_46' title='bbox 529 736 596 779; x_wconf 91' lang='lat' dir='ltr'>non</span> <span class='ocrx_word' id='word_1_47' title='bbox 623 715 829 799; x_wconf 82' lang='lat' dir='ltr'>legebantur,</span> <span class='ocrx_word' id='word_1_48' title='bbox 858 716 913 779; x_wconf 92' lang='lat' dir='ltr'>sed</span> <span class='ocrx_word' id='word_1_49' title='bbox 942 715 1087 779; x_wconf 89' lang='lat' dir='ltr'>abscissa</span> 
     </span>
     <span class='ocr_line' id='line_1_8' title="bbox 70 805 453 887; baseline -0.003 -19"><span class='ocrx_word' id='word_1_50' title='bbox 70 805 259 868; x_wconf 90' lang='lat' dir='ltr'>membrana</span> <span class='ocrx_word' id='word_1_51' title='bbox 281 807 453 887; x_wconf 88' lang='lat' dir='ltr'>perierant.</span> 
     </span>
    </p>

    <p class='ocr_par' dir='ltr' id='par_1_3' title="bbox 68 891 1127 3447">
     <span class='ocr_line' id='line_1_9' title="bbox 160 891 1087 976; baseline 0 -20"><span class='ocrx_word' id='word_1_52' title='bbox 160 893 210 956; x_wconf 81' lang='lat' dir='ltr'>Ex</span> <span class='ocrx_word' id='word_1_53' title='bbox 240 914 337 955; x_wconf 84' lang='lat' dir='ltr'>manu</span> <span class='ocrx_word' id='word_1_54' title='bbox 365 892 493 975; x_wconf 90' lang='lat' dir='ltr'>scriptis</span> <span class='ocrx_word' id='word_1_55' title='bbox 517 892 625 976; x_wconf 88' lang='lat' dir='ltr'>libris,</span> <span class='ocrx_word' id='word_1_56' title='bbox 653 892 709 975; x_wconf 91' lang='lat' dir='ltr'>qui</span> <span class='ocrx_word' id='word_1_57' title='bbox 733 893 846 976; x_wconf 91' lang='lat' dir='ltr'>quinto</span> <span class='ocrx_word' id='word_1_58' title='bbox 870 891 992 956; x_wconf 88' lang='lat' dir='ltr'>decimo</span> <span class='ocrx_word' id='word_1_59' title='bbox 1017 913 1087 956; x_wconf 89' lang='lat' dir='ltr'>sae-</span> 
     </span>
     <span class='ocr_line' id='line_1_10' title="bbox 71 980 1086 1064; baseline -0.001 -19"><span class='ocrx_word' id='word_1_60' title='bbox 71 982 143 1046; x_wconf 91' lang='lat' dir='ltr'>culo</span> <span class='ocrx_word' id='word_1_61' title='bbox 167 981 208 1044; x_wconf 92' lang='lat' dir='ltr'>ab</span> <span class='ocrx_word' id='word_1_62' title='bbox 231 980 325 1045; x_wconf 90' lang='lat' dir='ltr'>Italis</span> <span class='ocrx_word' id='word_1_63' title='bbox 349 1003 388 1045; x_wconf 85' lang='lat' dir='ltr'>ex</span> <span class='ocrx_word' id='word_1_64' title='bbox 410 981 577 1045; x_wconf 88' lang='lat' dir='ltr'>Marciano</span> <span class='ocrx_word' id='word_1_65' title='bbox 601 981 709 1046; x_wconf 88' lang='lat' dir='ltr'>codice</span> <span class='ocrx_word' id='word_1_66' title='bbox 733 981 887 1064; x_wconf 72' lang='lat' dir='ltr'>descripti</span> <span class='ocrx_word' id='word_1_67' title='bbox 910 984 995 1062; x_wconf 90' lang='lat' dir='ltr'>sunt,</span> <span class='ocrx_word' id='word_1_68' title='bbox 1018 1003 1086 1045; x_wconf 93' lang='lat' dir='ltr'>om-</span> 
     </span>
     <span class='ocr_line' id='line_1_11' title="bbox 70 1070 1086 1154; baseline 0.001 -21"><span class='ocrx_word' id='word_1_69' title='bbox 70 1072 161 1134; x_wconf 90' lang='lat' dir='ltr'>nium</span> <span class='ocrx_word' id='word_1_70' title='bbox 185 1091 265 1153; x_wconf 91' lang='lat' dir='ltr'>quos</span> <span class='ocrx_word' id='word_1_71' title='bbox 289 1070 355 1133; x_wconf 86' lang='lat' dir='ltr'>vidi</span> <span class='ocrx_word' id='word_1_72' title='bbox 380 1070 621 1134; x_wconf 81' lang='lat' dir='ltr'>accuratissime</span> <span class='ocrx_word' id='word_1_73' title='bbox 645 1091 684 1133; x_wconf 87' lang='lat' dir='ltr'>ex</span> <span class='ocrx_word' id='word_1_74' title='bbox 708 1070 887 1154; x_wconf 87' lang='lat' dir='ltr'>archetypo</span> <span class='ocrx_word' id='word_1_75' title='bbox 914 1091 1086 1153; x_wconf 83' lang='lat' dir='ltr'>expressus</span> 
     </span>
     <span class='ocr_line' id='line_1_12' title="bbox 71 1157 1086 1243; baseline 0.001 -22"><span class='ocrx_word' id='word_1_76' title='bbox 71 1164 121 1222; x_wconf 89' lang='lat' dir='ltr'>est</span> <span class='ocrx_word' id='word_1_77' title='bbox 149 1157 450 1222; x_wconf 86' lang='lat' dir='ltr'>Laurentianus</span> <span class='ocrx_word' id='word_1_78' title='bbox 481 1159 538 1234; x_wconf 81' lang='lat'>51,</span> <span class='ocrx_word' id='word_1_79' title='bbox 561 1159 584 1223; x_wconf 90' lang='grc'>4</span> <span class='ocrx_word' id='word_1_80' title='bbox 606 1158 806 1242; x_wconf 83' lang='lat' dir='ltr'>chartaceus,</span> <span class='ocrx_word' id='word_1_81' title='bbox 835 1159 890 1243; x_wconf 89' lang='lat' dir='ltr'>qui</span> <span class='ocrx_word' id='word_1_82' title='bbox 913 1165 980 1222; x_wconf 90' lang='lat' dir='ltr'>tres</span> <span class='ocrx_word' id='word_1_83' title='bbox 1003 1157 1086 1223; x_wconf 87' lang='lat' dir='ltr'>Var-</span> 
     </span>
     <span class='ocr_line' id='line_1_13' title="bbox 71 1248 1086 1331; baseline 0 -20"><span class='ocrx_word' id='word_1_84' title='bbox 71 1248 159 1312; x_wconf 90' lang='lat' dir='ltr'>ronis</span> <span class='ocrx_word' id='word_1_85' title='bbox 182 1248 283 1311; x_wconf 90' lang='lat' dir='ltr'>libros</span> <span class='ocrx_word' id='word_1_86' title='bbox 308 1248 461 1331; x_wconf 89' lang='lat' dir='ltr'>continet,</span> <span class='ocrx_word' id='word_1_87' title='bbox 485 1248 538 1311; x_wconf 92' lang='lat' dir='ltr'>sed</span> <span class='ocrx_word' id='word_1_88' title='bbox 558 1249 693 1311; x_wconf 90' lang='lat' dir='ltr'>tertium</span> <span class='ocrx_word' id='word_1_89' title='bbox 712 1250 746 1312; x_wconf 92' lang='lat' dir='ltr'>in</span> <span class='ocrx_word' id='word_1_90' title='bbox 765 1248 828 1312; x_wconf 91' lang='lat' dir='ltr'>fine</span> <span class='ocrx_word' id='word_1_91' title='bbox 847 1248 962 1312; x_wconf 89' lang='lat' dir='ltr'>eodem</span> <span class='ocrx_word' id='word_1_92' title='bbox 980 1248 1086 1330; x_wconf 92' lang='lat' dir='ltr'>modo,</span> 
     </span>
     <span class='ocr_line' id='line_1_14' title="bbox 70 1330 1087 1421; baseline -0.001 -21"><span class='ocrx_word' id='word_1_93' title='bbox 70 1343 166 1421; x_wconf 90' lang='lat' dir='ltr'>atque</span> <span class='ocrx_word' id='word_1_94' title='bbox 191 1337 320 1418; x_wconf 87' lang='lat' dir='ltr'>inipso</span> <span class='ocrx_word' id='word_1_95' title='bbox 346 1336 523 1419; x_wconf 81' lang='lat' dir='ltr'>archetypo</span> <span class='ocrx_word' id='word_1_96' title='bbox 548 1361 566 1401; x_wconf 92' lang='lat' dir='ltr'>a</span> <span class='ocrx_word' id='word_1_97' title='bbox 589 1336 752 1401; x_wconf 90' lang='lat' dir='ltr'>Politiano</span> <span class='ocrx_word' id='word_1_98' title='bbox 777 1343 810 1400; x_wconf 93' lang='lat' dir='ltr'>et</span> <span class='ocrx_word' id='word_1_99' title='bbox 828 1330 975 1401; x_wconf 83' lang='lat' dir='ltr'>Victorio</span> <span class='ocrx_word' id='word_1_100' title='bbox 1000 1338 1087 1420; x_wconf 82' lang='lat' dir='ltr'>lege-</span> 
     </span>
     <span class='ocr_line' id='line_1_15' title="bbox 69 1424 1086 1511; baseline -0.002 -22"><span class='ocrx_word' id='word_1_101' title='bbox 69 1427 176 1507; x_wconf 87' lang='lat' dir='ltr'>batur,</span> <span class='ocrx_word' id='word_1_102' title='bbox 200 1424 388 1488; x_wconf 92' lang='lat' dir='ltr'>mutilatum</span> <span class='ocrx_word' id='word_1_103' title='bbox 415 1425 523 1489; x_wconf 87' lang='lat' dir='ltr'>habet.</span> <span class='ocrx_word' id='word_1_104' title='bbox 570 1427 713 1489; x_wconf 90' lang='lat' dir='ltr'>eiusdem</span> <span class='ocrx_word' id='word_1_105' title='bbox 737 1426 874 1511; x_wconf 84' lang='lat' dir='ltr'>generis,</span> <span class='ocrx_word' id='word_1_106' title='bbox 901 1425 956 1489; x_wconf 87' lang='lat' dir='ltr'>sed</span> <span class='ocrx_word' id='word_1_107' title='bbox 981 1425 1086 1510; x_wconf 84' lang='lat' dir='ltr'>magis</span> 
     </span>
     <span class='ocr_line' id='line_1_16' title="bbox 69 1513 1086 1597; baseline -0.002 -19"><span class='ocrx_word' id='word_1_108' title='bbox 69 1516 185 1578; x_wconf 84' lang='lat' dir='ltr'>vitiose</span> <span class='ocrx_word' id='word_1_109' title='bbox 224 1514 364 1597; x_wconf 90' lang='lat' dir='ltr'>scriptus</span> <span class='ocrx_word' id='word_1_110' title='bbox 401 1519 452 1578; x_wconf 84' lang='lat' dir='ltr'>est</span> <span class='ocrx_word' id='word_1_111' title='bbox 489 1514 587 1578; x_wconf 84' lang='lat' dir='ltr'>codex</span> <span class='ocrx_word' id='word_1_112' title='bbox 625 1513 824 1579; x_wconf 80' lang='lat' dir='ltr'>Caesenas</span> <span class='ocrx_word' id='word_1_113' title='bbox 867 1514 1086 1578; x_wconf 85' lang='lat' dir='ltr'>bibliothecae</span> 
     </span>
     <span class='ocr_line' id='line_1_17' title="bbox 70 1600 1086 1686; baseline 0 -20"><span class='ocrx_word' id='word_1_114' title='bbox 70 1603 321 1666; x_wconf 90' lang='lat' dir='ltr'>Malatestianae</span> <span class='ocrx_word' id='word_1_115' title='bbox 344 1603 402 1684; x_wconf 79' lang='lat'>24,</span> <span class='ocrx_word' id='word_1_116' title='bbox 426 1603 447 1666; x_wconf 80' lang='grc'>2</span> <span class='ocrx_word' id='word_1_117' title='bbox 471 1603 752 1685; x_wconf 85' lang='lat' dir='ltr'>membranaceus,</span> <span class='ocrx_word' id='word_1_118' title='bbox 781 1605 901 1686; x_wconf 91' lang='lat' dir='ltr'>inquo</span> <span class='ocrx_word' id='word_1_119' title='bbox 926 1607 1002 1684; x_wconf 91' lang='lat' dir='ltr'>post</span> <span class='ocrx_word' id='word_1_120' title='bbox 1025 1600 1086 1667; x_wconf 80' lang='lat' dir='ltr'>Oo-</span> 
     </span>
     <span class='ocr_line' id='line_1_18' title="bbox 69 1690 1087 1775; baseline 0.001 -20"><span class='ocrx_word' id='word_1_121' title='bbox 69 1692 223 1755; x_wconf 89' lang='lat' dir='ltr'>lumellae</span> <span class='ocrx_word' id='word_1_122' title='bbox 247 1696 280 1755; x_wconf 90' lang='lat' dir='ltr'>et</span> <span class='ocrx_word' id='word_1_123' title='bbox 303 1690 437 1756; x_wconf 81' lang='lat' dir='ltr'>Catonis</span> <span class='ocrx_word' id='word_1_124' title='bbox 461 1692 562 1756; x_wconf 88' lang='lat' dir='ltr'>libros</span> <span class='ocrx_word' id='word_1_125' title='bbox 587 1692 701 1775; x_wconf 88' lang='lat' dir='ltr'>scripti</span> <span class='ocrx_word' id='word_1_126' title='bbox 724 1695 801 1756; x_wconf 90' lang='lat' dir='ltr'>sunt</span> <span class='ocrx_word' id='word_1_127' title='bbox 821 1692 980 1756; x_wconf 86' lang='lat' dir='ltr'>Varronis</span> <span class='ocrx_word' id='word_1_128' title='bbox 1001 1690 1087 1756; x_wconf 88' lang='lat' dir='ltr'>libri.</span> 
     </span>
     <span class='ocr_line' id='line_1_19' title="bbox 69 1779 1086 1865; baseline -0.001 -21"><span class='ocrx_word' id='word_1_129' title='bbox 69 1803 146 1844; x_wconf 89' lang='lat' dir='ltr'>nam</span> <span class='ocrx_word' id='word_1_130' title='bbox 176 1780 212 1842; x_wconf 92' lang='lat' dir='ltr'>in</span> <span class='ocrx_word' id='word_1_131' title='bbox 238 1780 300 1843; x_wconf 92' lang='lat' dir='ltr'>hoc</span> <span class='ocrx_word' id='word_1_132' title='bbox 329 1802 456 1864; x_wconf 92' lang='lat' dir='ltr'>quoque</span> <span class='ocrx_word' id='word_1_133' title='bbox 483 1782 599 1845; x_wconf 87' lang='lat' dir='ltr'>tertius</span> <span class='ocrx_word' id='word_1_134' title='bbox 628 1782 710 1845; x_wconf 90' lang='lat' dir='ltr'>liber</span> <span class='ocrx_word' id='word_1_135' title='bbox 739 1783 880 1865; x_wconf 90' lang='lat' dir='ltr'>primum</span> <span class='ocrx_word' id='word_1_136' title='bbox 912 1802 1014 1864; x_wconf 90' lang='lat' dir='ltr'>usque</span> <span class='ocrx_word' id='word_1_137' title='bbox 1045 1779 1086 1843; x_wconf 92' lang='lat' dir='ltr'>ad</span> 
     </span>
     <span class='ocr_line' id='line_1_20' title="bbox 71 1867 1087 1952; baseline -0.001 -20"><span class='ocrx_word' id='word_1_138' title='bbox 71 1891 110 1932; x_wconf 89' lang='lat' dir='ltr'>ea</span> <span class='ocrx_word' id='word_1_139' title='bbox 131 1869 240 1952; x_wconf 80' lang='lat' dir='ltr'>verba,</span> <span class='ocrx_word' id='word_1_140' title='bbox 263 1867 298 1931; x_wconf 93' lang='lat' dir='ltr'>in</span> <span class='ocrx_word' id='word_1_141' title='bbox 321 1869 437 1952; x_wconf 92' lang='lat' dir='ltr'>quibus</span> <span class='ocrx_word' id='word_1_142' title='bbox 456 1867 639 1933; x_wconf 88' lang='lat' dir='ltr'>Marcianus</span> <span class='ocrx_word' id='word_1_143' title='bbox 664 1870 763 1934; x_wconf 86' lang='lat' dir='ltr'>codex</span> <span class='ocrx_word' id='word_1_144' title='bbox 783 1869 966 1947; x_wconf 82' lang='lat' dir='ltr'>desinebat,</span> <span class='ocrx_word' id='word_1_145' title='bbox 989 1872 1087 1952; x_wconf 89' lang='lat' dir='ltr'>scrip·</span> 
     </span>
     <span class='ocr_line' id='line_1_21' title="bbox 69 1957 1085 2041; baseline 0 -20"><span class='ocrx_word' id='word_1_146' title='bbox 69 1962 123 2021; x_wconf 87' lang='lat' dir='ltr'>tus</span> <span class='ocrx_word' id='word_1_147' title='bbox 144 1960 228 2040; x_wconf 69' lang='lat' dir='ltr'>erat,</span> <span class='ocrx_word' id='word_1_148' title='bbox 251 1962 365 2040; x_wconf 92' lang='lat' dir='ltr'>postea</span> <span class='ocrx_word' id='word_1_149' title='bbox 384 1957 495 2022; x_wconf 89' lang='lat' dir='ltr'>eadem</span> <span class='ocrx_word' id='word_1_150' title='bbox 514 1958 643 2041; x_wconf 90' lang='lat' dir='ltr'>quidem</span> <span class='ocrx_word' id='word_1_151' title='bbox 659 1981 766 2040; x_wconf 89' lang='lat' dir='ltr'>manu,</span> <span class='ocrx_word' id='word_1_152' title='bbox 786 1959 842 2022; x_wconf 93' lang='lat' dir='ltr'>sed</span> <span class='ocrx_word' id='word_1_153' title='bbox 859 1958 923 2022; x_wconf 92' lang='lat' dir='ltr'>alio</span> <span class='ocrx_word' id='word_1_154' title='bbox 938 1964 1085 2040; x_wconf 91' lang='lat' dir='ltr'>tempore</span> 
     </span>
     <span class='ocr_line' id='line_1_22' title="bbox 70 2046 1086 2131; baseline 0.001 -21"><span class='ocrx_word' id='word_1_155' title='bbox 70 2069 108 2110; x_wconf 88' lang='lat' dir='ltr'>ea</span> <span class='ocrx_word' id='word_1_156' title='bbox 137 2067 218 2129; x_wconf 87' lang='lat' dir='ltr'>quae</span> <span class='ocrx_word' id='word_1_157' title='bbox 247 2046 380 2110; x_wconf 86' lang='lat' dir='ltr'>deerant</span> <span class='ocrx_word' id='word_1_158' title='bbox 407 2047 441 2110; x_wconf 93' lang='lat' dir='ltr'>in</span> <span class='ocrx_word' id='word_1_159' title='bbox 470 2052 613 2111; x_wconf 81' lang='lat' dir='ltr'>extrema</span> <span class='ocrx_word' id='word_1_160' title='bbox 640 2047 716 2111; x_wconf 88' lang='lat' dir='ltr'>libri</span> <span class='ocrx_word' id='word_1_161' title='bbox 745 2051 837 2131; x_wconf 89' lang='lat' dir='ltr'>parte</span> <span class='ocrx_word' id='word_1_162' title='bbox 868 2047 979 2111; x_wconf 87' lang='lat' dir='ltr'>addita</span> <span class='ocrx_word' id='word_1_163' title='bbox 1002 2050 1086 2111; x_wconf 86' lang='lat' dir='ltr'>sunt.</span> 
     </span>
     <span class='ocr_line' id='line_1_23' title="bbox 70 2134 1087 2220; baseline 0 -22"><span class='ocrx_word' id='word_1_164' title='bbox 70 2134 253 2217; x_wconf 90' lang='lat' dir='ltr'>antiquiore</span> <span class='ocrx_word' id='word_1_165' title='bbox 280 2141 440 2218; x_wconf 88' lang='lat' dir='ltr'>tempore,</span> <span class='ocrx_word' id='word_1_166' title='bbox 475 2157 548 2199; x_wconf 89' lang='lat' dir='ltr'>cum</span> <span class='ocrx_word' id='word_1_167' title='bbox 579 2137 743 2220; x_wconf 83' lang='lat' dir='ltr'>integrum</span> <span class='ocrx_word' id='word_1_168' title='bbox 771 2136 834 2200; x_wconf 89' lang='lat' dir='ltr'>fuit</span> <span class='ocrx_word' id='word_1_169' title='bbox 864 2136 1087 2219; x_wconf 87' lang='lat' dir='ltr'>archetypum,</span> 
     </span>
     <span class='ocr_line' id='line_1_24' title="bbox 69 2222 1086 2307; baseline -0.001 -19"><span class='ocrx_word' id='word_1_170' title='bbox 69 2247 109 2288; x_wconf 86' lang='lat' dir='ltr'>ex</span> <span class='ocrx_word' id='word_1_171' title='bbox 139 2245 177 2287; x_wconf 94' lang='lat' dir='ltr'>eo</span> <span class='ocrx_word' id='word_1_172' title='bbox 207 2222 388 2307; x_wconf 90' lang='lat' dir='ltr'>descriptus</span> <span class='ocrx_word' id='word_1_173' title='bbox 417 2228 467 2287; x_wconf 92' lang='lat' dir='ltr'>est</span> <span class='ocrx_word' id='word_1_174' title='bbox 494 2225 596 2289; x_wconf 86' lang='lat' dir='ltr'>codex</span> <span class='ocrx_word' id='word_1_175' title='bbox 624 2224 831 2289; x_wconf 89' lang='lat' dir='ltr'>Parisinus</span> <span class='ocrx_word' id='word_1_176' title='bbox 861 2225 994 2290; x_wconf 74' lang='lat' dir='ltr'>6884n</span> <span class='ocrx_word' id='word_1_177' title='bbox 1018 2246 1086 2288; x_wconf 93' lang='lat' dir='ltr'>om·</span> 
     </span>
     <span class='ocr_line' id='line_1_25' title="bbox 69 2313 1086 2398; baseline 0 -22"><span class='ocrx_word' id='word_1_178' title='bbox 69 2313 161 2376; x_wconf 91' lang='lat' dir='ltr'>nium</span> <span class='ocrx_word' id='word_1_179' title='bbox 177 2313 231 2396; x_wconf 88' lang='lat' dir='ltr'>qni</span> <span class='ocrx_word' id='word_1_180' title='bbox 252 2334 338 2377; x_wconf 90' lang='lat' dir='ltr'>nnnc</span> <span class='ocrx_word' id='word_1_181' title='bbox 359 2318 532 2396; x_wconf 88' lang='lat' dir='ltr'>supersunt</span> <span class='ocrx_word' id='word_1_182' title='bbox 548 2313 694 2378; x_wconf 88' lang='lat' dir='ltr'>codicum</span> <span class='ocrx_word' id='word_1_183' title='bbox 709 2313 964 2398; x_wconf 90' lang='lat' dir='ltr'>antiquissimus.</span> <span class='ocrx_word' id='word_1_184' title='bbox 988 2313 1086 2377; x_wconf 90' lang='lat' dir='ltr'>tertio</span> 
     </span>
     <span class='ocr_line' id='line_1_26' title="bbox 70 2400 1087 2466; baseline 0 -1"><span class='ocrx_word' id='word_1_185' title='bbox 70 2401 195 2465; x_wconf 90' lang='lat' dir='ltr'>decimo</span> <span class='ocrx_word' id='word_1_186' title='bbox 224 2400 309 2465; x_wconf 91' lang='lat' dir='ltr'>enim</span> <span class='ocrx_word' id='word_1_187' title='bbox 341 2402 469 2466; x_wconf 90' lang='lat' dir='ltr'>saeculo</span> <span class='ocrx_word' id='word_1_188' title='bbox 497 2403 548 2466; x_wconf 82' lang='lat' dir='ltr'>vel</span> <span class='ocrx_word' id='word_1_189' title='bbox 578 2403 676 2466; x_wconf 89' lang='lat' dir='ltr'>etiam</span> <span class='ocrx_word' id='word_1_190' title='bbox 702 2402 762 2466; x_wconf 92' lang='lat' dir='ltr'>sub</span> <span class='ocrx_word' id='word_1_191' title='bbox 786 2403 884 2466; x_wconf 89' lang='lat' dir='ltr'>finem</span> <span class='ocrx_word' id='word_1_192' title='bbox 907 2402 1087 2466; x_wconf 86' lang='lat' dir='ltr'>duodecimi</span> 
     </span>
     <span class='ocr_line' id='line_1_27' title="bbox 70 2488 1087 2574; baseline -0.001 -20"><span class='ocrx_word' id='word_1_193' title='bbox 70 2490 191 2554; x_wconf 91' lang='lat' dir='ltr'>saeculi</span> <span class='ocrx_word' id='word_1_194' title='bbox 219 2490 361 2573; x_wconf 87' lang='lat' dir='ltr'>scriptus</span> <span class='ocrx_word' id='word_1_195' title='bbox 389 2495 439 2553; x_wconf 88' lang='lat' dir='ltr'>est</span> <span class='ocrx_word' id='word_1_196' title='bbox 467 2493 499 2553; x_wconf 90' lang='lat' dir='ltr'>et</span> <span class='ocrx_word' id='word_1_197' title='bbox 527 2513 600 2555; x_wconf 91' lang='lat' dir='ltr'>cum</span> <span class='ocrx_word' id='word_1_198' title='bbox 629 2488 763 2555; x_wconf 79' lang='lat' dir='ltr'>Catonis</span> <span class='ocrx_word' id='word_1_199' title='bbox 793 2491 831 2554; x_wconf 93' lang='lat' dir='ltr'>de</span> <span class='ocrx_word' id='word_1_200' title='bbox 861 2491 932 2574; x_wconf 84' lang='lat' dir='ltr'>agri</span> <span class='ocrx_word' id='word_1_201' title='bbox 960 2491 1087 2554; x_wconf 87' lang='lat' dir='ltr'>cultura</span> 
     </span>
     <span class='ocr_line' id='line_1_28' title="bbox 69 2579 1086 2664; baseline -0.001 -21"><span class='ocrx_word' id='word_1_202' title='bbox 69 2580 155 2643; x_wconf 89' lang='lat' dir='ltr'>libro</span> <span class='ocrx_word' id='word_1_203' title='bbox 177 2579 278 2642; x_wconf 92' lang='lat' dir='ltr'>habet</span> <span class='ocrx_word' id='word_1_204' title='bbox 300 2583 366 2643; x_wconf 89' lang='lat' dir='ltr'>tres</span> <span class='ocrx_word' id='word_1_205' title='bbox 389 2579 492 2643; x_wconf 89' lang='lat' dir='ltr'>libros</span> <span class='ocrx_word' id='word_1_206' title='bbox 515 2579 682 2645; x_wconf 88' lang='lat' dir='ltr'>Varronis.</span> <span class='ocrx_word' id='word_1_207' title='bbox 727 2580 763 2643; x_wconf 91' lang='lat' dir='ltr'>in</span> <span class='ocrx_word' id='word_1_208' title='bbox 790 2579 897 2664; x_wconf 88' lang='lat' dir='ltr'>prima</span> <span class='ocrx_word' id='word_1_209' title='bbox 926 2579 1086 2662; x_wconf 86' lang='lat' dir='ltr'>scriptura</span> 
     </span>
     <span class='ocr_line' id='line_1_29' title="bbox 69 2667 1087 2752; baseline -0.001 -20"><span class='ocrx_word' id='word_1_210' title='bbox 69 2668 175 2732; x_wconf 85' lang='lat' dir='ltr'>multa</span> <span class='ocrx_word' id='word_1_211' title='bbox 193 2667 312 2750; x_wconf 90' lang='lat' dir='ltr'>partim</span> <span class='ocrx_word' id='word_1_212' title='bbox 333 2667 374 2730; x_wconf 92' lang='lat' dir='ltr'>ab</span> <span class='ocrx_word' id='word_1_213' title='bbox 394 2668 506 2732; x_wconf 88' lang='lat' dir='ltr'>eodem</span> <span class='ocrx_word' id='word_1_214' title='bbox 526 2669 685 2752; x_wconf 90' lang='lat' dir='ltr'>scriptore</span> <span class='ocrx_word' id='word_1_215' title='bbox 704 2669 824 2752; x_wconf 89' lang='lat' dir='ltr'>partim</span> <span class='ocrx_word' id='word_1_216' title='bbox 850 2667 923 2751; x_wconf 90' lang='lat' dir='ltr'>alia,</span> <span class='ocrx_word' id='word_1_217' title='bbox 946 2673 984 2732; x_wconf 92' lang='lat' dir='ltr'>ut</span> <span class='ocrx_word' id='word_1_218' title='bbox 1002 2669 1087 2732; x_wconf 87' lang='lat' dir='ltr'>vide-</span> 
     </span>
     <span class='ocr_line' id='line_1_30' title="bbox 69 2756 1084 2842; baseline 0.001 -22"><span class='ocrx_word' id='word_1_219' title='bbox 69 2761 132 2838; x_wconf 89' lang='lat' dir='ltr'>tur,</span> <span class='ocrx_word' id='word_1_220' title='bbox 165 2778 273 2838; x_wconf 90' lang='lat' dir='ltr'>manu,</span> <span class='ocrx_word' id='word_1_221' title='bbox 306 2756 362 2819; x_wconf 91' lang='lat' dir='ltr'>sed</span> <span class='ocrx_word' id='word_1_222' title='bbox 395 2757 508 2820; x_wconf 89' lang='lat' dir='ltr'>eodem</span> <span class='ocrx_word' id='word_1_223' title='bbox 539 2758 607 2821; x_wconf 83' lang='lat' dir='ltr'>fere</span> <span class='ocrx_word' id='word_1_224' title='bbox 640 2761 787 2841; x_wconf 89' lang='lat' dir='ltr'>tempore</span> <span class='ocrx_word' id='word_1_225' title='bbox 820 2760 965 2822; x_wconf 89' lang='lat' dir='ltr'>correcta</span> <span class='ocrx_word' id='word_1_226' title='bbox 997 2761 1084 2842; x_wconf 78' lang='lat' dir='ltr'>sunt3</span> 
     </span>
     <span class='ocr_line' id='line_1_31' title="bbox 70 2845 1086 2929; baseline 0.001 -20"><span class='ocrx_word' id='word_1_227' title='bbox 70 2846 136 2909; x_wconf 90' lang='lat' dir='ltr'>alia</span> <span class='ocrx_word' id='word_1_228' title='bbox 163 2866 239 2908; x_wconf 87' lang='lat' dir='ltr'>vcro</span> <span class='ocrx_word' id='word_1_229' title='bbox 268 2845 390 2908; x_wconf 87' lang='lat' dir='ltr'>recenti</span> <span class='ocrx_word' id='word_1_230' title='bbox 419 2850 525 2909; x_wconf 87' lang='lat' dir='ltr'>aetate</span> <span class='ocrx_word' id='word_1_231' title='bbox 553 2847 605 2910; x_wconf 86' lang='lat' dir='ltr'>vel</span> <span class='ocrx_word' id='word_1_232' title='bbox 633 2845 667 2908; x_wconf 93' lang='lat' dir='ltr'>in</span> <span class='ocrx_word' id='word_1_233' title='bbox 695 2846 776 2929; x_wconf 90' lang='lat' dir='ltr'>ipsis</span> <span class='ocrx_word' id='word_1_234' title='bbox 805 2846 911 2910; x_wconf 86' lang='lat' dir='ltr'>verbis</span> <span class='ocrx_word' id='word_1_235' title='bbox 940 2850 1086 2911; x_wconf 88' lang='lat' dir='ltr'>correcta</span> 
     </span>
     <span class='ocr_line' id='line_1_32' title="bbox 70 2933 1085 3017; baseline 0.001 -19"><span class='ocrx_word' id='word_1_236' title='bbox 70 2934 119 2998; x_wconf 85' lang='lat' dir='ltr'>vel</span> <span class='ocrx_word' id='word_1_237' title='bbox 143 2935 177 2996; x_wconf 92' lang='lat' dir='ltr'>in</span> <span class='ocrx_word' id='word_1_238' title='bbox 202 2934 404 3017; x_wconf 83' lang='lat' dir='ltr'>marginibus</span> <span class='ocrx_word' id='word_1_239' title='bbox 428 2934 593 3017; x_wconf 89' lang='lat' dir='ltr'>adscripta</span> <span class='ocrx_word' id='word_1_240' title='bbox 616 2939 699 2998; x_wconf 89' lang='lat' dir='ltr'>sunt.</span> <span class='ocrx_word' id='word_1_241' title='bbox 737 2936 778 2999; x_wconf 90' lang='lat' dir='ltr'>ad</span> <span class='ocrx_word' id='word_1_242' title='bbox 801 2933 942 2999; x_wconf 88' lang='lat' dir='ltr'>Parisini</span> <span class='ocrx_word' id='word_1_243' title='bbox 967 2936 1085 2999; x_wconf 88' lang='lat' dir='ltr'>codicis</span> 
     </span>
     <span class='ocr_line' id='line_1_33' title="bbox 69 3023 1084 3103; baseline 0.002 -17"><span class='ocrx_word' id='word_1_244' title='bbox 69 3027 211 3087; x_wconf 87' lang='lat' dir='ltr'>aetatem</span> <span class='ocrx_word' id='word_1_245' title='bbox 249 3023 395 3103; x_wconf 88' lang='lat' dir='ltr'>proxime</span> <span class='ocrx_word' id='word_1_246' title='bbox 433 3024 556 3087; x_wconf 89' lang='lat' dir='ltr'>accedit</span> <span class='ocrx_word' id='word_1_247' title='bbox 593 3023 792 3088; x_wconf 87' lang='lat' dir='ltr'>Mediceus</span> <span class='ocrx_word' id='word_1_248' title='bbox 830 3025 880 3087; x_wconf 86' lang='lat' dir='ltr'>vel</span> <span class='ocrx_word' id='word_1_249' title='bbox 914 3023 1084 3088; x_wconf 90' lang='lat' dir='ltr'>Lauren-</span> 
     </span>
     <span class='ocr_line' id='line_1_34' title="bbox 68 3111 1085 3196; baseline 0.001 -20"><span class='ocrx_word' id='word_1_250' title='bbox 68 3113 204 3176; x_wconf 90' lang='lat' dir='ltr'>tianus</span> <span class='ocrx_word' id='word_1_251' title='bbox 224 3111 344 3193; x_wconf 81' lang='lat'>30,10,</span> <span class='ocrx_word' id='word_1_252' title='bbox 362 3111 418 3194; x_wconf 91' lang='lat' dir='ltr'>qui</span> <span class='ocrx_word' id='word_1_253' title='bbox 437 3116 512 3196; x_wconf 92' lang='lat' dir='ltr'>post</span> <span class='ocrx_word' id='word_1_254' title='bbox 527 3111 669 3176; x_wconf 87' lang='lat' dir='ltr'>Vitruvii</span> <span class='ocrx_word' id='word_1_255' title='bbox 689 3112 728 3177; x_wconf 88' lang='lat' dir='ltr'>de</span> <span class='ocrx_word' id='word_1_256' title='bbox 748 3113 965 3177; x_wconf 89' lang='lat' dir='ltr'>architectura</span> <span class='ocrx_word' id='word_1_257' title='bbox 984 3114 1085 3177; x_wconf 86' lang='lat' dir='ltr'>libros</span> 
     </span>
     <span class='ocr_line' id='line_1_35' title="bbox 70 3199 1084 3285; baseline 0 -20"><span class='ocrx_word' id='word_1_258' title='bbox 70 3199 206 3266; x_wconf 80' lang='lat' dir='ltr'>Catonis</span> <span class='ocrx_word' id='word_1_259' title='bbox 220 3199 340 3263; x_wconf 90' lang='lat' dir='ltr'>librum</span> <span class='ocrx_word' id='word_1_260' title='bbox 357 3200 395 3264; x_wconf 91' lang='lat' dir='ltr'>de</span> <span class='ocrx_word' id='word_1_261' title='bbox 406 3201 477 3284; x_wconf 83' lang='lat' dir='ltr'>agri</span> <span class='ocrx_word' id='word_1_262' title='bbox 488 3202 616 3265; x_wconf 91' lang='lat' dir='ltr'>cultura</span> <span class='ocrx_word' id='word_1_263' title='bbox 630 3206 663 3265; x_wconf 93' lang='lat' dir='ltr'>et</span> <span class='ocrx_word' id='word_1_264' title='bbox 678 3200 836 3265; x_wconf 88' lang='lat' dir='ltr'>Varronis</span> <span class='ocrx_word' id='word_1_265' title='bbox 851 3201 953 3265; x_wconf 90' lang='lat' dir='ltr'>libros</span> <span class='ocrx_word' id='word_1_266' title='bbox 969 3207 1084 3285; x_wconf 88' lang='lat' dir='ltr'>quarto</span> 
     </span>
     <span class='ocr_line' id='line_1_36' title="bbox 69 3289 1092 3373; baseline -0.006 -20"><span class='ocrx_word' id='word_1_267' title='bbox 69 3289 193 3353; x_wconf 87' lang='lat' dir='ltr'>decimo</span> <span class='ocrx_word' id='word_1_268' title='bbox 218 3289 347 3353; x_wconf 86' lang='lat' dir='ltr'>saeculo</span> <span class='ocrx_word' id='word_1_269' title='bbox 371 3290 511 3373; x_wconf 89' lang='lat' dir='ltr'>scriptos</span> <span class='ocrx_word' id='word_1_270' title='bbox 535 3290 643 3354; x_wconf 90' lang='lat' dir='ltr'>habet.</span> <span class='ocrx_word' id='word_1_271' title='bbox 675 3290 736 3354; x_wconf 88' lang='lat' dir='ltr'>hoc</span> <span class='ocrx_word' id='word_1_272' title='bbox 756 3290 834 3354; x_wconf 90' lang='lat' dir='ltr'>olim</span> <span class='ocrx_word' id='word_1_273' title='bbox 853 3294 985 3372; x_wconf 64' lang='lat' dir='ltr'>praeter</span> <span class='ocrx_word' id='word_1_274' title='bbox 1001 3289 1092 3349; x_wconf 59' lang='lat' dir='ltr'>ttae-</span> 
     </span>
     <span class='ocr_line' id='line_1_37' title="bbox 69 3376 1127 3447; baseline -0.009 -5"><span class='ocrx_word' id='word_1_275' title='bbox 69 3379 198 3442; x_wconf 91' lang='lat' dir='ltr'>cianum</span> <span class='ocrx_word' id='word_1_276' title='bbox 222 3376 363 3442; x_wconf 88' lang='lat' dir='ltr'>codicem</span> <span class='ocrx_word' id='word_1_277' title='bbox 383 3377 568 3447; x_wconf 88' lang='lat' dir='ltr'>Politianus</span> <span class='ocrx_word' id='word_1_278' title='bbox 589 3384 624 3446; x_wconf 91' lang='lat' dir='ltr'>et</span> <span class='ocrx_word' id='word_1_279' title='bbox 638 3378 821 3447; x_wconf 81' lang='lat' dir='ltr'>Victorius</span> <span class='ocrx_word' id='word_1_280' title='bbox 834 3378 896 3442; x_wconf 68' lang='lat' dir='ltr'>nsi</span> <span class='ocrx_word' id='word_1_281' title='bbox 910 3378 1008 3438; x_wconf 72' lang='lat' dir='ltr'>sunt.</span> <span class='ocrx_word' id='word_1_282' title='bbox 1032 3386 1127 3427; x_wconf 65' lang='lat' dir='ltr'>nm</span> 
     </span>
    </p>
   </div>
   <div class='ocr_carea' id='block_1_3' title="bbox 67 3457 1157 3563">
    <p class='ocr_par' dir='ltr' id='par_1_4' title="bbox 67 3457 1157 3563">
     <span class='ocr_line' id='line_1_38' title="bbox 67 3457 1157 3563; baseline 0.006 -33"><span class='ocrx_word' id='word_1_283' title='bbox 67 3470 101 3530; x_wconf 83' lang='lat' dir='ltr'>at</span> <span class='ocrx_word' id='word_1_284' title='bbox 118 3466 304 3533; x_wconf 80' lang='lat' dir='ltr'>Politianus</span> <span class='ocrx_word' id='word_1_285' title='bbox 325 3468 370 3563; x_wconf 30' lang='lat' dir='ltr'>in,</span> <span class='ocrx_word' id='word_1_286' title='bbox 386 3473 607 3562; x_wconf 83' lang='lat' dir='ltr'>marginibus</span> <span class='ocrx_word' id='word_1_287' title='bbox 632 3473 793 3542; x_wconf 82' lang='lat' dir='ltr'>eiusdem</span> <span class='ocrx_word' id='word_1_288' title='bbox 812 3461 997 3535; x_wconf 58' lang='lat' dir='ltr'>editionis</span> <span class='ocrx_word' id='word_1_289' title='bbox 1009 3457 1061 3512; x_wconf 55' lang='lat' dir='ltr'>&#39;m</span> <span class='ocrx_word' id='word_1_290' title='bbox 1079 3459 1157 3519; x_wconf 49' lang='grc' dir='ltr'>Ψ</span> 
     </span>
    </p>
   </div>
   <div class='ocr_carea' id='block_1_4' title="bbox 0 0 1198 3742">
    <p class='ocr_par' dir='ltr' id='par_1_5' title="bbox 0 0 1198 3742">
     <span class='ocr_line' id='line_1_39' title="bbox 0 0 1198 3742; baseline 0 0"><span class='ocrx_word' id='word_1_291' title='bbox 0 0 1198 3742; x_wconf 95' lang='lat' dir='ltr'> </span> 
     </span>
    </p>
   </div>
  </div>
 </body>
</html>
