<?xml version="1.0" encoding="UTF-8"?>
<!DOCTYPE html PUBLIC "-//W3C//DTD XHTML 1.0 Transitional//EN"
    "http://www.w3.org/TR/xhtml1/DTD/xhtml1-transitional.dtd">
<html xmlns="http://www.w3.org/1999/xhtml" xml:lang="en" lang="en">
 <head>
  <title>
</title>
<meta http-equiv="Content-Type" content="text/html;charset=utf-8" />
  <meta name='ocr-system' content='tesseract 3.04.00' />
  <meta name='ocr-capabilities' content='ocr_page ocr_carea ocr_par ocr_line ocrx_word'/>
</head>
<body>
  <div class='ocr_page' id='page_1' title='image "./mterentivarroni01varrgoog/mterentivarroni01varrgoog_0113.png"; bbox 0 0 2386 3742; ppageno 0'>
   <div class='ocr_carea' id='block_1_1' title="bbox 130 110 734 175">
    <p class='ocr_par' dir='ltr' id='par_1_1' title="bbox 130 110 734 175">
     <span class='ocr_line' id='line_1_1' title="bbox 130 110 734 175; baseline 0.013 -17"><span class='ocrx_word' id='word_1_1' title='bbox 130 111 172 175; x_wconf 84' lang='lat'><strong>98</strong></span> <span class='ocrx_word' id='word_1_2' title='bbox 546 110 734 166; x_wconf 78' lang='lat' dir='ltr'><strong>vaauours</strong></span> 
     </span>
    </p>
   </div>
   <div class='ocr_carea' id='block_1_2' title="bbox 101 255 1171 2559">
    <p class='ocr_par' dir='ltr' id='par_1_2' title="bbox 101 255 1171 2559">
     <span class='ocr_line' id='line_1_2' title="bbox 130 255 1144 342; baseline 0 -21"><span class='ocrx_word' id='word_1_3' title='bbox 130 259 231 323; x_wconf 87' lang='lat' dir='ltr'><strong>latine</strong></span> <span class='ocrx_word' id='word_1_4' title='bbox 259 279 357 342; x_wconf 90' lang='lat' dir='ltr'><strong>quam</strong></span> <span class='ocrx_word' id='word_1_5' title='bbox 386 255 531 320; x_wconf 90' lang='lat' dir='ltr'><strong>Hirrium</strong></span> <span class='ocrx_word' id='word_1_6' title='bbox 555 258 738 340; x_wconf 78' lang='lat' dir='ltr'>praetorem</span> <span class='ocrx_word' id='word_1_7' title='bbox 760 255 985 320; x_wconf 86' lang='lat' dir='ltr'><strong>renuntiatum</strong></span> <span class='ocrx_word' id='word_1_8' title='bbox 1010 256 1144 321; x_wconf 83' lang='lat' dir='ltr'><strong>Romam</strong></span> 
     </span>
     <span class='ocr_line' id='line_1_3' title="bbox 130 343 1144 428; baseline -0.004 -16"><span class='ocrx_word' id='word_1_9' title='bbox 130 348 165 411; x_wconf 92' lang='lat' dir='ltr'><strong>in</strong></span> <span class='ocrx_word' id='word_1_10' title='bbox 193 353 339 412; x_wconf 86' lang='lat' dir='ltr'><strong>senatum</strong></span> <span class='ocrx_word' id='word_1_11' title='bbox 370 345 528 428; x_wconf 88' lang='lat' dir='ltr'><strong>seriptum</strong></span> <span class='ocrx_word' id='word_1_12' title='bbox 557 344 725 410; x_wconf 87' lang='lat' dir='ltr'><strong>habemus.</strong></span> <span class='ocrx_word' id='word_1_13' title='bbox 770 343 826 409; x_wconf 90' lang='lat' dir='ltr'><strong>sed</strong></span> <span class='ocrx_word' id='word_1_14' title='bbox 853 345 943 410; x_wconf 91' lang='lat' dir='ltr'><strong>bono</strong></span> <span class='ocrx_word' id='word_1_15' title='bbox 971 346 1084 410; x_wconf 88' lang='lat' dir='ltr'><strong>animo</strong></span> <span class='ocrx_word' id='word_1_16' title='bbox 1105 367 1144 427; x_wconf 93' lang='lat' dir='ltr'><strong>es,</strong></span> 
     </span>
     <span class='ocr_line' id='line_1_4' title="bbox 131 431 1144 520; baseline -0.002 -20"><span class='ocrx_word' id='word_1_17' title='bbox 131 457 197 500; x_wconf 91' lang='lat' dir='ltr'><strong>non</strong></span> <span class='ocrx_word' id='word_1_18' title='bbox 211 437 318 499; x_wconf 90' lang='lat' dir='ltr'><strong>minus</strong></span> <span class='ocrx_word' id='word_1_19' title='bbox 335 433 533 499; x_wconf 77' lang='lat' dir='ltr'><strong>satisfaciam</strong></span> <span class='ocrx_word' id='word_1_20' title='bbox 547 433 619 517; x_wconf 90' lang='lat' dir='ltr'><strong>tibi,</strong></span> <span class='ocrx_word' id='word_1_21' title='bbox 633 455 730 518; x_wconf 89' lang='lat' dir='ltr'><strong>quam</strong></span> <span class='ocrx_word' id='word_1_22' title='bbox 745 435 801 518; x_wconf 90' lang='lat' dir='ltr'><strong>qui</strong></span> <span class='ocrx_word' id='word_1_23' title='bbox 811 431 999 520; x_wconf 83' lang='lat' dir='ltr'><strong>Bugoniam</strong></span> <span class='ocrx_word' id='word_1_24' title='bbox 1012 433 1144 517; x_wconf 87' lang='lat' dir='ltr'><strong>scripsit</strong></span> 
     </span>
     <span class='ocr_line' id='line_1_5' title="bbox 101 521 1144 607; baseline -0.004 -17"><span class='ocrx_word' id='word_1_25' title='bbox 101 533 119 590; x_wconf 83' lang='lat'>6</span> <span class='ocrx_word' id='word_1_26' title='bbox 220 523 363 588; x_wconf 89' lang='lat' dir='ltr'><strong>Primum</strong></span> <span class='ocrx_word' id='word_1_27' title='bbox 386 523 422 587; x_wconf 93' lang='lat' dir='ltr'><strong>in</strong></span> <span class='ocrx_word' id='word_1_28' title='bbox 441 523 562 587; x_wconf 94' lang='lat' dir='ltr'><strong>bubulo</strong></span> <span class='ocrx_word' id='word_1_29' title='bbox 581 542 698 606; x_wconf 86' lang='lat' dir='ltr'><strong>genere</strong></span> <span class='ocrx_word' id='word_1_30' title='bbox 718 522 835 587; x_wconf 87' lang='lat' dir='ltr'><strong>aetatis</strong></span> <span class='ocrx_word' id='word_1_31' title='bbox 854 521 975 607; x_wconf 78' lang='lat' dir='ltr'><strong>gradus</strong></span> <span class='ocrx_word' id='word_1_32' title='bbox 997 523 1144 588; x_wconf 85' lang='lat' dir='ltr'><strong>dicuntur</strong></span> 
     </span>
     <span class='ocr_line' id='line_1_6' title="bbox 131 610 1171 696; baseline -0.002 -20"><span class='ocrx_word' id='word_1_33' title='bbox 131 615 293 696; x_wconf 88' lang='lat' dir='ltr'><strong>quattuor,</strong></span> <span class='ocrx_word' id='word_1_34' title='bbox 315 612 421 695; x_wconf 88' lang='lat' dir='ltr'><strong>prima</strong></span> <span class='ocrx_word' id='word_1_35' title='bbox 441 612 627 696; x_wconf 78' lang='lat' dir='ltr'><strong>vitulorum,</strong></span> <span class='ocrx_word' id='word_1_36' title='bbox 651 611 789 676; x_wconf 84' lang='lat' dir='ltr'><strong>secunda</strong></span> <span class='ocrx_word' id='word_1_37' title='bbox 807 611 1032 696; x_wconf 86' lang='lat' dir='ltr'><strong>iuvencorum,</strong></span> <span class='ocrx_word' id='word_1_38' title='bbox 1054 610 1171 676; x_wconf 79' lang='lat' dir='ltr'><strong>tertias</strong></span> 
     </span>
     <span class='ocr_line' id='line_1_7' title="bbox 130 698 1144 784; baseline -0.001 -18"><span class='ocrx_word' id='word_1_39' title='bbox 130 702 250 766; x_wconf 90' lang='lat' dir='ltr'><strong>bovum</strong></span> <span class='ocrx_word' id='word_1_40' title='bbox 277 700 497 784; x_wconf 87' lang='lat' dir='ltr'><strong>novellorum,</strong></span> <span class='ocrx_word' id='word_1_41' title='bbox 531 704 648 784; x_wconf 87' lang='lat' dir='ltr'><strong>quarta</strong></span> <span class='ocrx_word' id='word_1_42' title='bbox 679 701 871 765; x_wconf 86' lang='lat' dir='ltr'><strong>vetulorum.</strong></span> <span class='ocrx_word' id='word_1_43' title='bbox 922 698 1144 765; x_wconf 83' lang='lat' dir='ltr'><strong>discernuntur</strong></span> 
     </span>
     <span class='ocr_line' id='line_1_8' title="bbox 130 788 1143 873; baseline -0.002 -20"><span class='ocrx_word' id='word_1_44' title='bbox 130 790 165 854; x_wconf 94' lang='lat' dir='ltr'><strong>in</strong></span> <span class='ocrx_word' id='word_1_45' title='bbox 196 789 302 873; x_wconf 89' lang='lat' dir='ltr'><strong>prima</strong></span> <span class='ocrx_word' id='word_1_46' title='bbox 332 789 453 854; x_wconf 82' lang='lat' dir='ltr'><strong>vitulus</strong></span> <span class='ocrx_word' id='word_1_47' title='bbox 487 793 520 853; x_wconf 92' lang='lat' dir='ltr'><strong>et</strong></span> <span class='ocrx_word' id='word_1_48' title='bbox 550 789 665 872; x_wconf 82' lang='lat' dir='ltr'><strong>vitula,</strong></span> <span class='ocrx_word' id='word_1_49' title='bbox 694 789 730 852; x_wconf 93' lang='lat' dir='ltr'><strong>in</strong></span> <span class='ocrx_word' id='word_1_50' title='bbox 761 788 900 854; x_wconf 86' lang='lat' dir='ltr'><strong>secunda</strong></span> <span class='ocrx_word' id='word_1_51' title='bbox 932 791 1091 855; x_wconf 85' lang='lat' dir='ltr'><strong>iuvencus</strong></span> <span class='ocrx_word' id='word_1_52' title='bbox 1116 790 1143 852; x_wconf 88' lang='lat' dir='ltr'><strong>et</strong></span> 
     </span>
     <span class='ocr_line' id='line_1_9' title="bbox 130 877 1142 963; baseline -0.002 -20"><span class='ocrx_word' id='word_1_53' title='bbox 130 880 278 963; x_wconf 84' lang='lat' dir='ltr'><strong>iuvenca,</strong></span> <span class='ocrx_word' id='word_1_54' title='bbox 310 878 346 942; x_wconf 94' lang='lat' dir='ltr'><strong>in</strong></span> <span class='ocrx_word' id='word_1_55' title='bbox 377 877 476 942; x_wconf 88' lang='lat' dir='ltr'><strong>tertia</strong></span> <span class='ocrx_word' id='word_1_56' title='bbox 506 882 538 942; x_wconf 91' lang='lat' dir='ltr'><strong>et</strong></span> <span class='ocrx_word' id='word_1_57' title='bbox 567 880 684 960; x_wconf 88' lang='lat' dir='ltr'><strong>quarta</strong></span> <span class='ocrx_word' id='word_1_58' title='bbox 712 880 825 942; x_wconf 88' lang='lat' dir='ltr'><strong>taurus</strong></span> <span class='ocrx_word' id='word_1_59' title='bbox 852 881 886 941; x_wconf 91' lang='lat' dir='ltr'><strong>et</strong></span> <span class='ocrx_word' id='word_1_60' title='bbox 912 898 1024 944; x_wconf 82' lang='lat' dir='ltr'><strong>vacca.</strong></span> <span class='ocrx_word' id='word_1_61' title='bbox 1070 898 1142 962; x_wconf 88' lang='lat' dir='ltr'><strong>quae</strong></span> 
     </span>
     <span class='ocr_line' id='line_1_10' title="bbox 133 967 1140 1052; baseline -0.001 -20"><span class='ocrx_word' id='word_1_62' title='bbox 133 967 252 1032; x_wconf 89' lang='lat' dir='ltr'><strong>sterilis</strong></span> <span class='ocrx_word' id='word_1_63' title='bbox 286 969 336 1031; x_wconf 89' lang='lat' dir='ltr'><strong>est</strong></span> <span class='ocrx_word' id='word_1_64' title='bbox 370 987 483 1050; x_wconf 82' lang='lat' dir='ltr'><strong>vacca,</strong></span> <span class='ocrx_word' id='word_1_65' title='bbox 513 969 609 1030; x_wconf 91' lang='lat' dir='ltr'><strong>taura</strong></span> <span class='ocrx_word' id='word_1_66' title='bbox 642 967 824 1050; x_wconf 82' lang='lat' dir='ltr'><strong>appellata3</strong></span> <span class='ocrx_word' id='word_1_67' title='bbox 861 987 945 1050; x_wconf 88' lang='lat' dir='ltr'><strong>quae</strong></span> <span class='ocrx_word' id='word_1_68' title='bbox 977 986 1140 1052; x_wconf 84' lang='lat' dir='ltr'><strong>praegnas,</strong></span> 
     </span>
     <span class='ocr_line' id='line_1_11' title="bbox 131 1053 1165 1136; baseline -0.005 -16"><span class='ocrx_word' id='word_1_69' title='bbox 131 1057 243 1121; x_wconf 90' lang='lat' dir='ltr'><strong>horda.</strong></span> <span class='ocrx_word' id='word_1_70' title='bbox 299 1056 340 1119; x_wconf 90' lang='lat' dir='ltr'><strong>ab</strong></span> <span class='ocrx_word' id='word_1_71' title='bbox 374 1076 411 1120; x_wconf 91' lang='lat' dir='ltr'><strong>eo</strong></span> <span class='ocrx_word' id='word_1_72' title='bbox 444 1056 477 1119; x_wconf 92' lang='lat' dir='ltr'><strong>in</strong></span> <span class='ocrx_word' id='word_1_73' title='bbox 510 1055 603 1120; x_wconf 88' lang='lat' dir='ltr'><strong>fastis</strong></span> <span class='ocrx_word' id='word_1_74' title='bbox 639 1054 706 1118; x_wconf 90' lang='lat' dir='ltr'><strong>dies</strong></span> <span class='ocrx_word' id='word_1_75' title='bbox 739 1053 919 1120; x_wconf 89' lang='lat' dir='ltr'><strong>hordioidia</strong></span> <span class='ocrx_word' id='word_1_76' title='bbox 949 1056 1165 1136; x_wconf 83' lang='lat' dir='ltr'><strong>nominatur,o</strong></span> 
     </span>
     <span class='ocr_line' id='line_1_12' title="bbox 101 1143 1138 1229; baseline -0.006 -17"><span class='ocrx_word' id='word_1_77' title='bbox 101 1155 120 1213; x_wconf 83' lang='grc'>7</span> <span class='ocrx_word' id='word_1_78' title='bbox 132 1144 216 1228; x_wconf 87' lang='lat' dir='ltr'><strong>quod</strong></span> <span class='ocrx_word' id='word_1_79' title='bbox 247 1148 317 1207; x_wconf 89' lang='lat' dir='ltr'><strong>tum</strong></span> <span class='ocrx_word' id='word_1_80' title='bbox 340 1143 462 1208; x_wconf 86' lang='lat' dir='ltr'><strong>herdae</strong></span> <span class='ocrx_word' id='word_1_81' title='bbox 486 1144 585 1208; x_wconf 89' lang='lat' dir='ltr'><strong>boves</strong></span> <span class='ocrx_word' id='word_1_82' title='bbox 607 1143 816 1209; x_wconf 89' lang='lat' dir='ltr'><strong>inmolantur.</strong></span> <span class='ocrx_word' id='word_1_83' title='bbox 862 1144 918 1228; x_wconf 91' lang='lat' dir='ltr'><strong>qui</strong></span> <span class='ocrx_word' id='word_1_84' title='bbox 942 1164 1078 1229; x_wconf 82' lang='lat' dir='ltr'><strong>gregem</strong></span> <span class='ocrx_word' id='word_1_85' title='bbox 1098 1164 1138 1206; x_wconf 91' lang='lat' dir='ltr'><strong>ar·</strong></span> 
     </span>
     <span class='ocr_line' id='line_1_13' title="bbox 132 1231 1137 1316; baseline -0.001 -21"><span class='ocrx_word' id='word_1_86' title='bbox 132 1236 314 1296; x_wconf 83' lang='lat' dir='ltr'><strong>mentorum</strong></span> <span class='ocrx_word' id='word_1_87' title='bbox 346 1253 451 1297; x_wconf 90' lang='lat' dir='ltr'><strong>emere</strong></span> <span class='ocrx_word' id='word_1_88' title='bbox 482 1233 565 1315; x_wconf 88' lang='lat' dir='ltr'><strong>vult,</strong></span> <span class='ocrx_word' id='word_1_89' title='bbox 597 1233 770 1297; x_wconf 81' lang='lat' dir='ltr'><strong>observare</strong></span> <span class='ocrx_word' id='word_1_90' title='bbox 798 1231 896 1296; x_wconf 87' lang='lat' dir='ltr'><strong>debet</strong></span> <span class='ocrx_word' id='word_1_91' title='bbox 923 1233 1081 1316; x_wconf 91' lang='lat' dir='ltr'><strong>primurn,</strong></span> <span class='ocrx_word' id='word_1_92' title='bbox 1108 1232 1137 1294; x_wconf 92' lang='lat' dir='ltr'><strong>ut</strong></span> 
     </span>
     <span class='ocr_line' id='line_1_14' title="bbox 132 1319 1137 1404; baseline -0.004 -19"><span class='ocrx_word' id='word_1_93' title='bbox 132 1322 199 1386; x_wconf 90' lang='lat' dir='ltr'><strong>sint</strong></span> <span class='ocrx_word' id='word_1_94' title='bbox 231 1342 287 1385; x_wconf 89' lang='lat' dir='ltr'><strong>eae</strong></span> <span class='ocrx_word' id='word_1_95' title='bbox 319 1321 457 1404; x_wconf 81' lang='lat' dir='ltr'><strong>pecudes</strong></span> <span class='ocrx_word' id='word_1_96' title='bbox 491 1324 597 1386; x_wconf 87' lang='lat' dir='ltr'><strong>aetate</strong></span> <span class='ocrx_word' id='word_1_97' title='bbox 627 1321 736 1404; x_wconf 90' lang='lat' dir='ltr'><strong>potius</strong></span> <span class='ocrx_word' id='word_1_98' title='bbox 767 1321 807 1386; x_wconf 87' lang='lat' dir='ltr'><strong>ad</strong></span> <span class='ocrx_word' id='word_1_99' title='bbox 839 1319 965 1386; x_wconf 87' lang='lat' dir='ltr'><strong>fructos</strong></span> <span class='ocrx_word' id='word_1_100' title='bbox 998 1319 1137 1386; x_wconf 86' lang='lat' dir='ltr'><strong>ferendos</strong></span> 
     </span>
     <span class='ocr_line' id='line_1_15' title="bbox 132 1409 1137 1495; baseline -0.001 -21"><span class='ocrx_word' id='word_1_101' title='bbox 132 1411 279 1494; x_wconf 74' lang='lat' dir='ltr'><strong>integrae</strong></span> <span class='ocrx_word' id='word_1_102' title='bbox 304 1431 400 1494; x_wconf 91' lang='lat' dir='ltr'><strong>quam</strong></span> <span class='ocrx_word' id='word_1_103' title='bbox 424 1411 490 1474; x_wconf 92' lang='lat' dir='ltr'><strong>iam</strong></span> <span class='ocrx_word' id='word_1_104' title='bbox 509 1413 675 1495; x_wconf 82' lang='lat' dir='ltr'><strong>expartae3</strong></span> <span class='ocrx_word' id='word_1_105' title='bbox 697 1415 736 1475; x_wconf 91' lang='lat' dir='ltr'><strong>ut</strong></span> <span class='ocrx_word' id='word_1_106' title='bbox 754 1411 820 1475; x_wconf 88' lang='lat' dir='ltr'><strong>sint</strong></span> <span class='ocrx_word' id='word_1_107' title='bbox 842 1410 925 1473; x_wconf 88' lang='lat' dir='ltr'><strong>bene</strong></span> <span class='ocrx_word' id='word_1_108' title='bbox 949 1409 1137 1494; x_wconf 75' lang='lat' dir='ltr'><strong>conpositae,</strong></span> 
     </span>
     <span class='ocr_line' id='line_1_16' title="bbox 132 1498 1162 1584; baseline -0.004 -22"><span class='ocrx_word' id='word_1_109' title='bbox 132 1504 168 1563; x_wconf 94' lang='lat' dir='ltr'><strong>ut</strong></span> <span class='ocrx_word' id='word_1_110' title='bbox 194 1499 330 1583; x_wconf 82' lang='lat' dir='ltr'><strong>integris</strong></span> <span class='ocrx_word' id='word_1_111' title='bbox 357 1499 525 1582; x_wconf 88' lang='lat' dir='ltr'><strong>membris,</strong></span> <span class='ocrx_word' id='word_1_112' title='bbox 559 1499 734 1584; x_wconf 84' lang='lat' dir='ltr'><strong>oblongae,</strong></span> <span class='ocrx_word' id='word_1_113' title='bbox 767 1498 908 1582; x_wconf 86' lang='lat' dir='ltr'><strong>amplae,</strong></span> <span class='ocrx_word' id='word_1_114' title='bbox 938 1498 1162 1583; x_wconf 77' lang='lat' dir='ltr'><strong>nigrantibus</strong></span> 
     </span>
     <span class='ocr_line' id='line_1_17' title="bbox 133 1585 1136 1672; baseline -0.003 -19"><span class='ocrx_word' id='word_1_115' title='bbox 133 1589 292 1670; x_wconf 87' lang='lat' dir='ltr'><strong>cornibus,</strong></span> <span class='ocrx_word' id='word_1_116' title='bbox 311 1587 388 1652; x_wconf 91' lang='lat' dir='ltr'><strong>latis</strong></span> <span class='ocrx_word' id='word_1_117' title='bbox 402 1587 575 1671; x_wconf 83' lang='lat' dir='ltr'><strong>frontibus,</strong></span> <span class='ocrx_word' id='word_1_118' title='bbox 594 1589 696 1653; x_wconf 88' lang='lat' dir='ltr'><strong>oeulis</strong></span> <span class='ocrx_word' id='word_1_119' title='bbox 711 1589 839 1672; x_wconf 88' lang='lat' dir='ltr'><strong>magnis</strong></span> <span class='ocrx_word' id='word_1_120' title='bbox 854 1590 888 1652; x_wconf 87' lang='lat' dir='ltr'><strong>et</strong></span> <span class='ocrx_word' id='word_1_121' title='bbox 900 1587 1017 1672; x_wconf 86' lang='lat' dir='ltr'><strong>nigris,</strong></span> <span class='ocrx_word' id='word_1_122' title='bbox 1034 1585 1136 1672; x_wconf 89' lang='lat' dir='ltr'><strong>pilosis</strong></span> 
     </span>
     <span class='ocr_line' id='line_1_18' title="bbox 133 1675 1138 1761; baseline -0.004 -21"><span class='ocrx_word' id='word_1_123' title='bbox 133 1676 275 1754; x_wconf 88' lang='lat' dir='ltr'><strong>auribus,</strong></span> <span class='ocrx_word' id='word_1_124' title='bbox 293 1677 476 1759; x_wconf 84' lang='lat' dir='ltr'><strong>conpressis</strong></span> <span class='ocrx_word' id='word_1_125' title='bbox 496 1677 591 1741; x_wconf 90' lang='lat' dir='ltr'><strong>malis</strong></span> <span class='ocrx_word' id='word_1_126' title='bbox 611 1677 784 1761; x_wconf 89' lang='lat' dir='ltr'><strong>subsimae,</strong></span> <span class='ocrx_word' id='word_1_127' title='bbox 806 1698 847 1740; x_wconf 90' lang='lat' dir='ltr'><strong>ne</strong></span> <span class='ocrx_word' id='word_1_128' title='bbox 866 1675 1032 1761; x_wconf 89' lang='lat' dir='ltr'><strong>gibberae,</strong></span> <span class='ocrx_word' id='word_1_129' title='bbox 1054 1675 1138 1760; x_wconf 88' lang='lat' dir='ltr'><strong>spina</strong></span> 
     </span>
     <span class='ocr_line' id='line_1_19' title="bbox 132 1764 1137 1850; baseline -0.001 -22"><span class='ocrx_word' id='word_1_130' title='bbox 132 1764 247 1829; x_wconf 87' lang='lat' dir='ltr'><strong>leviter</strong></span> <span class='ocrx_word' id='word_1_131' title='bbox 269 1764 414 1848; x_wconf 89' lang='lat' dir='ltr'><strong>remissa,</strong></span> <span class='ocrx_word' id='word_1_132' title='bbox 438 1766 557 1848; x_wconf 88' lang='lat' dir='ltr'><strong>apertis</strong></span> <span class='ocrx_word' id='word_1_133' title='bbox 581 1765 729 1849; x_wconf 91' lang='lat' dir='ltr'><strong>naribus,</strong></span> <span class='ocrx_word' id='word_1_134' title='bbox 757 1764 859 1830; x_wconf 89' lang='lat' dir='ltr'><strong>labris</strong></span> <span class='ocrx_word' id='word_1_135' title='bbox 883 1765 1061 1850; x_wconf 87' lang='lat' dir='ltr'><strong>subnigris,</strong></span> <span class='ocrx_word' id='word_1_136' title='bbox 1082 1784 1137 1828; x_wconf 89' lang='lat' dir='ltr'><strong>cer·</strong></span> 
     </span>
     <span class='ocr_line' id='line_1_20' title="bbox 103 1853 1136 1938; baseline -0.005 -18"><span class='ocrx_word' id='word_1_137' title='bbox 103 1853 257 1920; x_wconf 86' lang='lat' dir='ltr'><strong>8vicibus</strong></span> <span class='ocrx_word' id='word_1_138' title='bbox 281 1854 397 1917; x_wconf 85' lang='lat' dir='ltr'><strong>crassis</strong></span> <span class='ocrx_word' id='word_1_139' title='bbox 422 1875 459 1917; x_wconf 90' lang='lat' dir='ltr'><strong>ac</strong></span> <span class='ocrx_word' id='word_1_140' title='bbox 482 1854 605 1937; x_wconf 89' lang='lat' dir='ltr'><strong>longis,</strong></span> <span class='ocrx_word' id='word_1_141' title='bbox 636 1877 655 1918; x_wconf 91' lang='lat' dir='ltr'><strong>a</strong></span> <span class='ocrx_word' id='word_1_142' title='bbox 679 1855 763 1919; x_wconf 91' lang='lat' dir='ltr'><strong>collo</strong></span> <span class='ocrx_word' id='word_1_143' title='bbox 786 1855 881 1938; x_wconf 91' lang='lat' dir='ltr'><strong>palea</strong></span> <span class='ocrx_word' id='word_1_144' title='bbox 904 1853 1057 1937; x_wconf 87' lang='lat' dir='ltr'><strong>demissa,</strong></span> <span class='ocrx_word' id='word_1_145' title='bbox 1079 1872 1136 1917; x_wconf 89' lang='lat' dir='ltr'><strong>cor·</strong></span> 
     </span>
     <span class='ocr_line' id='line_1_21' title="bbox 133 1940 1162 2028; baseline -0.003 -21"><span class='ocrx_word' id='word_1_146' title='bbox 133 1965 211 2027; x_wconf 90' lang='lat' dir='ltr'><strong>pore</strong></span> <span class='ocrx_word' id='word_1_147' title='bbox 230 1944 310 2007; x_wconf 87' lang='lat' dir='ltr'><strong>bene</strong></span> <span class='ocrx_word' id='word_1_148' title='bbox 330 1946 466 2020; x_wconf 89' lang='lat' dir='ltr'><strong>costato,</strong></span> <span class='ocrx_word' id='word_1_149' title='bbox 489 1944 566 2007; x_wconf 91' lang='lat' dir='ltr'><strong>latis</strong></span> <span class='ocrx_word' id='word_1_150' title='bbox 584 1943 713 2028; x_wconf 90' lang='lat' dir='ltr'><strong>umeris,</strong></span> <span class='ocrx_word' id='word_1_151' title='bbox 736 1944 831 2008; x_wconf 90' lang='lat' dir='ltr'><strong>bonis</strong></span> <span class='ocrx_word' id='word_1_152' title='bbox 850 1942 1010 2024; x_wconf 87' lang='lat' dir='ltr'><strong>clunibus,</strong></span> <span class='ocrx_word' id='word_1_153' title='bbox 1033 1940 1162 2007; x_wconf 75' lang='lat' dir='ltr'><strong>codams</strong></span> 
     </span>
     <span class='ocr_line' id='line_1_22' title="bbox 133 2030 1137 2115; baseline -0.002 -21"><span class='ocrx_word' id='word_1_154' title='bbox 133 2031 300 2115; x_wconf 87' lang='lat' dir='ltr'><strong>profusam</strong></span> <span class='ocrx_word' id='word_1_155' title='bbox 313 2053 415 2115; x_wconf 92' lang='lat' dir='ltr'><strong>usque</strong></span> <span class='ocrx_word' id='word_1_156' title='bbox 431 2031 471 2097; x_wconf 88' lang='lat' dir='ltr'><strong>ad</strong></span> <span class='ocrx_word' id='word_1_157' title='bbox 486 2032 589 2097; x_wconf 87' lang='lat' dir='ltr'><strong>calces</strong></span> <span class='ocrx_word' id='word_1_158' title='bbox 602 2036 639 2096; x_wconf 92' lang='lat' dir='ltr'><strong>ut</strong></span> <span class='ocrx_word' id='word_1_159' title='bbox 652 2032 804 2115; x_wconf 90' lang='lat' dir='ltr'><strong>habeant,</strong></span> <span class='ocrx_word' id='word_1_160' title='bbox 818 2030 1007 2096; x_wconf 85' lang='lat' dir='ltr'><strong>inferiorem</strong></span> <span class='ocrx_word' id='word_1_161' title='bbox 1020 2032 1137 2115; x_wconf 85' lang='lat' dir='ltr'><strong>partem</strong></span> 
     </span>
     <span class='ocr_line' id='line_1_23' title="bbox 133 2118 1137 2205; baseline -0.002 -22"><span class='ocrx_word' id='word_1_162' title='bbox 133 2121 355 2205; x_wconf 85' lang='lat' dir='ltr'><strong>frequentibus</strong></span> <span class='ocrx_word' id='word_1_163' title='bbox 382 2121 458 2204; x_wconf 91' lang='lat' dir='ltr'><strong>pilis</strong></span> <span class='ocrx_word' id='word_1_164' title='bbox 488 2120 703 2204; x_wconf 86' lang='lat' dir='ltr'><strong>suborispam,</strong></span> <span class='ocrx_word' id='word_1_165' title='bbox 731 2120 878 2186; x_wconf 90' lang='lat' dir='ltr'><strong>cruribus</strong></span> <span class='ocrx_word' id='word_1_166' title='bbox 904 2119 1016 2203; x_wconf 88' lang='lat' dir='ltr'><strong>potius</strong></span> <span class='ocrx_word' id='word_1_167' title='bbox 1046 2118 1137 2183; x_wconf 76' lang='lat' dir='ltr'><strong>minc</strong></span> 
     </span>
     <span class='ocr_line' id='line_1_24' title="bbox 132 2208 1138 2292; baseline -0.002 -21"><span class='ocrx_word' id='word_1_168' title='bbox 132 2209 222 2272; x_wconf 89' lang='lat' dir='ltr'><strong>ribus</strong></span> <span class='ocrx_word' id='word_1_169' title='bbox 253 2209 365 2291; x_wconf 79' lang='lat' dir='ltr'><strong>r‘ectis,</strong></span> <span class='ocrx_word' id='word_1_170' title='bbox 404 2209 540 2292; x_wconf 87' lang='lat' dir='ltr'><strong>genibus</strong></span> <span class='ocrx_word' id='word_1_171' title='bbox 573 2210 722 2274; x_wconf 86' lang='lat' dir='ltr'><strong>eminulis</strong></span> <span class='ocrx_word' id='word_1_172' title='bbox 756 2208 953 2274; x_wconf 88' lang='lat' dir='ltr'><strong>distantibus</strong></span> <span class='ocrx_word' id='word_1_173' title='bbox 985 2208 1072 2273; x_wconf 86' lang='lat' dir='ltr'><strong>inter</strong></span> <span class='ocrx_word' id='word_1_174' title='bbox 1101 2225 1138 2281; x_wconf 82' lang='lat' dir='ltr'><strong>re,</strong></span> 
     </span>
     <span class='ocr_line' id='line_1_25' title="bbox 132 2295 1137 2384; baseline -0.002 -24"><span class='ocrx_word' id='word_1_175' title='bbox 132 2297 268 2380; x_wconf 90' lang='lat' dir='ltr'><strong>pedibus</strong></span> <span class='ocrx_word' id='word_1_176' title='bbox 295 2319 362 2361; x_wconf 93' lang='lat' dir='ltr'><strong>non</strong></span> <span class='ocrx_word' id='word_1_177' title='bbox 390 2297 479 2382; x_wconf 90' lang='lat' dir='ltr'><strong>latis,</strong></span> <span class='ocrx_word' id='word_1_178' title='bbox 510 2319 614 2383; x_wconf 88' lang='lat' dir='ltr'><strong>neque</strong></span> <span class='ocrx_word' id='word_1_179' title='bbox 647 2298 905 2384; x_wconf 90' lang='lat' dir='ltr'><strong>ingredientibus</strong></span> <span class='ocrx_word' id='word_1_180' title='bbox 937 2297 994 2382; x_wconf 92' lang='lat' dir='ltr'><strong>qui</strong></span> <span class='ocrx_word' id='word_1_181' title='bbox 1026 2295 1137 2380; x_wconf 88' lang='lat' dir='ltr'><strong>displu-</strong></span> 
     </span>
     <span class='ocr_line' id='line_1_26' title="bbox 133 2385 1162 2472; baseline -0.002 -23"><span class='ocrx_word' id='word_1_182' title='bbox 133 2385 263 2470; x_wconf 89' lang='lat' dir='ltr'><strong>dantur,</strong></span> <span class='ocrx_word' id='word_1_183' title='bbox 290 2406 349 2450; x_wconf 92' lang='lat' dir='ltr'><strong>nec</strong></span> <span class='ocrx_word' id='word_1_184' title='bbox 377 2386 467 2451; x_wconf 89' lang='lat' dir='ltr'><strong>euius</strong></span> <span class='ocrx_word' id='word_1_185' title='bbox 495 2388 635 2472; x_wconf 89' lang='lat' dir='ltr'><strong>ungulae</strong></span> <span class='ocrx_word' id='word_1_186' title='bbox 663 2388 819 2470; x_wconf 73' lang='lat' dir='ltr'><strong>ditarent,</strong></span> <span class='ocrx_word' id='word_1_187' title='bbox 848 2390 881 2451; x_wconf 93' lang='lat' dir='ltr'><strong>et</strong></span> <span class='ocrx_word' id='word_1_188' title='bbox 908 2386 999 2451; x_wconf 89' lang='lat' dir='ltr'><strong>ouius</strong></span> <span class='ocrx_word' id='word_1_189' title='bbox 1023 2396 1162 2471; x_wconf 63' lang='lat' dir='ltr'><strong>unguere</strong></span> 
     </span>
     <span class='ocr_line' id='line_1_27' title="bbox 133 2476 1137 2559; baseline -0.004 -19"><span class='ocrx_word' id='word_1_190' title='bbox 133 2476 197 2540; x_wconf 90' lang='lat' dir='ltr'><strong>sint</strong></span> <span class='ocrx_word' id='word_1_191' title='bbox 220 2476 306 2540; x_wconf 87' lang='lat' dir='ltr'><strong>leves</strong></span> <span class='ocrx_word' id='word_1_192' title='bbox 330 2479 363 2543; x_wconf 73' lang='lat' dir='ltr'><strong>st</strong></span> <span class='ocrx_word' id='word_1_193' title='bbox 386 2498 489 2559; x_wconf 89' lang='lat' dir='ltr'><strong>pares,</strong></span> <span class='ocrx_word' id='word_1_194' title='bbox 513 2477 636 2540; x_wconf 88' lang='lat' dir='ltr'><strong>corium</strong></span> <span class='ocrx_word' id='word_1_195' title='bbox 662 2479 707 2558; x_wconf 88' lang='lat' dir='ltr'><strong>[a]</strong></span> <span class='ocrx_word' id='word_1_196' title='bbox 732 2480 822 2541; x_wconf 85' lang='lat' dir='ltr'><strong>tactu</strong></span> <span class='ocrx_word' id='word_1_197' title='bbox 846 2497 911 2540; x_wconf 95' lang='lat' dir='ltr'><strong>non</strong></span> <span class='ocrx_word' id='word_1_198' title='bbox 934 2496 1086 2559; x_wconf 88' lang='lat' dir='ltr'><strong>asperum</strong></span> <span class='ocrx_word' id='word_1_199' title='bbox 1107 2492 1137 2536; x_wconf 86' lang='lat' dir='ltr'><strong>ac</strong></span> 
     </span>
    </p>
   </div>
   <div class='ocr_carea' id='block_1_3' title="bbox 112 2610 1142 3531">
    <p class='ocr_par' dir='ltr' id='par_1_3' title="bbox 132 2610 1138 3113">
     <span class='ocr_line' id='line_1_28' title="bbox 224 2610 1137 2686; baseline -0.005 -18"><span class='ocrx_word' id='word_1_200' title='bbox 224 2620 237 2667; x_wconf 94' lang='lat'>1</span> <span class='ocrx_word' id='word_1_201' title='bbox 256 2615 374 2669; x_wconf 89' lang='lat' dir='ltr'><strong>hirrinm</strong></span> <span class='ocrx_word' id='word_1_202' title='bbox 393 2613 520 2684; x_wconf 84' lang='lat' dir='ltr'><strong>(hirtium</strong></span> <span class='ocrx_word' id='word_1_203' title='bbox 543 2615 578 2686; x_wconf 89' lang='lat' dir='ltr'><strong>V,</strong></span> <span class='ocrx_word' id='word_1_204' title='bbox 597 2615 721 2684; x_wconf 76' lang='lat' dir='ltr'><strong>hyrtium</strong></span> <span class='ocrx_word' id='word_1_205' title='bbox 739 2616 797 2671; x_wconf 81' lang='lat' dir='ltr'><strong>eod.</strong></span> <span class='ocrx_word' id='word_1_206' title='bbox 817 2614 906 2683; x_wconf 66' lang='lat' dir='ltr'><strong>Flos,</strong></span> <span class='ocrx_word' id='word_1_207' title='bbox 933 2611 1054 2669; x_wconf 90' lang='lat' dir='ltr'><strong>hirrium</strong></span> <span class='ocrx_word' id='word_1_208' title='bbox 1078 2610 1137 2665; x_wconf 77' lang='lat' dir='ltr'><strong>Vici.</strong></span> 
     </span>
     <span class='ocr_line' id='line_1_29' title="bbox 132 2680 1137 2756; baseline -0.006 -16"><span class='ocrx_word' id='word_1_209' title='bbox 132 2691 157 2740; x_wconf 83' lang='lat' dir='ltr'><strong>et</strong></span> <span class='ocrx_word' id='word_1_210' title='bbox 170 2687 297 2754; x_wconf 81' lang='lat' dir='ltr'><strong>plurima</strong></span> <span class='ocrx_word' id='word_1_211' title='bbox 315 2688 486 2756; x_wconf 70' lang='lat' dir='ltr'><strong>apographa)</strong></span> <span class='ocrx_word' id='word_1_212' title='bbox 609 2693 625 2741; x_wconf 83' lang='grc'><strong>6</strong></span> <span class='ocrx_word' id='word_1_213' title='bbox 643 2686 756 2742; x_wconf 91' lang='lat' dir='ltr'><strong>nouello</strong></span> <span class='ocrx_word' id='word_1_214' title='bbox 777 2686 962 2754; x_wconf 86' lang='lat' dir='ltr'><strong>(nouellorum</strong></span> <span class='ocrx_word' id='word_1_215' title='bbox 984 2684 1018 2753; x_wconf 85' lang='lat' dir='ltr'><strong>V,</strong></span> <span class='ocrx_word' id='word_1_216' title='bbox 1036 2680 1137 2738; x_wconf 83' lang='lat' dir='ltr'><strong>nouella</strong></span> 
     </span>
     <span class='ocr_line' id='line_1_30' title="bbox 133 2753 1137 2828; baseline -0.004 -17"><span class='ocrx_word' id='word_1_217' title='bbox 133 2772 201 2811; x_wconf 82' lang='lat' dir='ltr'><strong>corr.</strong></span> <span class='ocrx_word' id='word_1_218' title='bbox 222 2756 398 2811; x_wconf 88' lang='lat' dir='ltr'><strong>nouellorum</strong></span> <span class='ocrx_word' id='word_1_219' title='bbox 421 2760 529 2813; x_wconf 62' lang='lat' dir='ltr'><strong>uidear</strong></span> <span class='ocrx_word' id='word_1_220' title='bbox 555 2759 587 2812; x_wconf 76' lang='lat' dir='ltr'><strong>ia</strong></span> <span class='ocrx_word' id='word_1_221' title='bbox 605 2759 750 2828; x_wconf 75' lang='lat' dir='ltr'><strong>archetypo</strong></span> <span class='ocrx_word' id='word_1_222' title='bbox 768 2758 863 2827; x_wconf 73' lang='lat' dir='ltr'><strong>faisse)</strong></span> <span class='ocrx_word' id='word_1_223' title='bbox 937 2761 971 2810; x_wconf 91' lang='lat'><strong>10</strong></span> <span class='ocrx_word' id='word_1_224' title='bbox 988 2753 1137 2810; x_wconf 80' lang='lat' dir='ltr'><strong>infastidies</strong></span> 
     </span>
     <span class='ocr_line' id='line_1_31' title="bbox 134 2823 1137 2895; baseline -0.002 -17"><span class='ocrx_word' id='word_1_225' title='bbox 134 2826 175 2895; x_wconf 91' lang='lat' dir='ltr'><strong>(in</strong></span> <span class='ocrx_word' id='word_1_226' title='bbox 193 2827 274 2879; x_wconf 86' lang='lat' dir='ltr'><strong>fastis</strong></span> <span class='ocrx_word' id='word_1_227' title='bbox 298 2828 357 2882; x_wconf 90' lang='lat' dir='ltr'><strong>dies</strong></span> <span class='ocrx_word' id='word_1_228' title='bbox 382 2828 420 2892; x_wconf 86' lang='lat' dir='ltr'><strong>V)</strong></span> <span class='ocrx_word' id='word_1_229' title='bbox 486 2828 643 2884; x_wconf 87' lang='lat' dir='ltr'><strong>hordioalia</strong></span> <span class='ocrx_word' id='word_1_230' title='bbox 664 2827 845 2882; x_wconf 87' lang='lat' dir='ltr'><strong>nominantur</strong></span> <span class='ocrx_word' id='word_1_231' title='bbox 933 2833 966 2882; x_wconf 75' lang='lat'><strong>17</strong></span> <span class='ocrx_word' id='word_1_232' title='bbox 993 2823 1137 2882; x_wconf 85' lang='lat' dir='ltr'><strong>subsimine</strong></span> 
     </span>
     <span class='ocr_line' id='line_1_32' title="bbox 133 2896 1137 2968; baseline -0.002 -18"><span class='ocrx_word' id='word_1_233' title='bbox 133 2897 244 2967; x_wconf 86' lang='lat' dir='ltr'><strong>gibberi</strong></span> <span class='ocrx_word' id='word_1_234' title='bbox 318 2904 350 2952; x_wconf 89' lang='lat'><strong>18</strong></span> <span class='ocrx_word' id='word_1_235' title='bbox 370 2898 498 2968; x_wconf 84' lang='lat' dir='ltr'><strong>subagris</strong></span> <span class='ocrx_word' id='word_1_236' title='bbox 572 2906 604 2953; x_wconf 88' lang='grc'><strong>19</strong></span> <span class='ocrx_word' id='word_1_237' title='bbox 624 2898 727 2968; x_wconf 86' lang='lat' dir='ltr'><strong>grassis</strong></span> <span class='ocrx_word' id='word_1_238' title='bbox 783 2899 891 2954; x_wconf 89' lang='lat' dir='ltr'><strong>aocllo</strong></span> <span class='ocrx_word' id='word_1_239' title='bbox 912 2915 1029 2968; x_wconf 87' lang='lat' dir='ltr'><strong>corpore</strong></span> <span class='ocrx_word' id='word_1_240' title='bbox 1048 2896 1137 2966; x_wconf 82' lang='lat' dir='ltr'><strong>apuleo</strong></span> 
     </span>
     <span class='ocr_line' id='line_1_33' title="bbox 133 2968 1138 3039; baseline -0.003 -18"><span class='ocrx_word' id='word_1_241' title='bbox 133 2968 255 3022; x_wconf 85' lang='lat' dir='ltr'><strong>demissa</strong></span> <span class='ocrx_word' id='word_1_242' title='bbox 274 2968 406 3038; x_wconf 86' lang='lat' dir='ltr'><strong>(demisso</strong></span> <span class='ocrx_word' id='word_1_243' title='bbox 425 2970 463 3038; x_wconf 87' lang='lat' dir='ltr'><strong>V)</strong></span> <span class='ocrx_word' id='word_1_244' title='bbox 482 2970 554 3024; x_wconf 88' lang='lat' dir='ltr'><strong>bene</strong></span> <span class='ocrx_word' id='word_1_245' title='bbox 574 2972 696 3026; x_wconf 86' lang='lat' dir='ltr'><strong>costatos</strong></span> <span class='ocrx_word' id='word_1_246' title='bbox 751 2975 785 3024; x_wconf 74' lang='lat'><strong>22</strong></span> <span class='ocrx_word' id='word_1_247' title='bbox 805 2970 956 3039; x_wconf 86' lang='lat' dir='ltr'><strong>subcrispis</strong></span> <span class='ocrx_word' id='word_1_248' title='bbox 1011 2975 1046 3024; x_wconf 75' lang='lat'><strong>23</strong></span> <span class='ocrx_word' id='word_1_249' title='bbox 1064 2969 1138 3022; x_wconf 86' lang='lat' dir='ltr'><strong>inter·</strong></span> 
     </span>
     <span class='ocr_line' id='line_1_34' title="bbox 134 3040 630 3113; baseline 0.004 -19"><span class='ocrx_word' id='word_1_250' title='bbox 134 3040 265 3109; x_wconf 88' lang='lat' dir='ltr'><strong>spedibus</strong></span> <span class='ocrx_word' id='word_1_251' title='bbox 337 3041 508 3113; x_wconf 66' lang='lat' dir='ltr'><strong>tricorium]</strong></span> <span class='ocrx_word' id='word_1_252' title='bbox 528 3041 630 3097; x_wconf 90' lang='lat' dir='ltr'><strong>torium</strong></span> 
     </span>
    </p>

    <p class='ocr_par' dir='ltr' id='par_1_4' title="bbox 135 3179 1139 3396">
     <span class='ocr_line' id='line_1_35' title="bbox 225 3179 1139 3252; baseline -0.007 -15"><span class='ocrx_word' id='word_1_253' title='bbox 225 3189 258 3238; x_wconf 89' lang='lat'><strong>10</strong></span> <span class='ocrx_word' id='word_1_254' title='bbox 275 3181 433 3239; x_wconf 88' lang='lat' dir='ltr'><strong>hordicidia</strong></span> <span class='ocrx_word' id='word_1_255' title='bbox 451 3183 602 3240; x_wconf 79' lang='lat' dir='ltr'><strong>Muellerus</strong></span> <span class='ocrx_word' id='word_1_256' title='bbox 620 3187 651 3239; x_wconf 79' lang='lat' dir='ltr'><strong>ia</strong></span> <span class='ocrx_word' id='word_1_257' title='bbox 670 3185 743 3238; x_wconf 78' lang='lat' dir='ltr'><strong>Fest.</strong></span> <span class='ocrx_word' id='word_1_258' title='bbox 760 3187 924 3252; x_wconf 79' lang='lat' dir='ltr'><strong>p.102,15</strong></span> <span class='ocrx_word' id='word_1_259' title='bbox 986 3179 1139 3236; x_wconf 89' lang='lat' dir='ltr'><strong>nominatur</strong></span> 
     </span>
     <span class='ocr_line' id='line_1_36' title="bbox 138 3251 1139 3326; baseline -0.005 -17"><span class='ocrx_word' id='word_1_260' title='bbox 138 3254 255 3311; x_wconf 78' lang='lat' dir='ltr'><strong>Ursinus</strong></span> <span class='ocrx_word' id='word_1_261' title='bbox 319 3261 352 3311; x_wconf 76' lang='lat'><strong>1⁷</strong></span> <span class='ocrx_word' id='word_1_262' title='bbox 372 3253 514 3310; x_wconf 89' lang='lat' dir='ltr'><strong>subsimae</strong></span> <span class='ocrx_word' id='word_1_263' title='bbox 532 3274 567 3311; x_wconf 91' lang='lat' dir='ltr'><strong>ne</strong></span> <span class='ocrx_word' id='word_1_264' title='bbox 586 3256 720 3326; x_wconf 85' lang='lat' dir='ltr'><strong>gibberae</strong></span> <span class='ocrx_word' id='word_1_265' title='bbox 744 3255 861 3310; x_wconf 75' lang='lat' dir='ltr'><strong>Ursinus</strong></span> <span class='ocrx_word' id='word_1_266' title='bbox 920 3259 953 3308; x_wconf 88' lang='lat'><strong>18</strong></span> <span class='ocrx_word' id='word_1_267' title='bbox 972 3251 1110 3321; x_wconf 83' lang='lat' dir='ltr'><strong>subnigris</strong></span> <span class='ocrx_word' id='word_1_268' title='bbox 1126 3264 1139 3302; x_wconf 81' lang='lat' dir='ltr'><strong>a</strong></span> 
     </span>
     <span class='ocr_line' id='line_1_37' title="bbox 135 3321 1139 3396; baseline -0.005 -17"><span class='ocrx_word' id='word_1_269' title='bbox 135 3332 167 3380; x_wconf 81' lang='lat'><strong>19</strong></span> <span class='ocrx_word' id='word_1_270' title='bbox 196 3344 213 3381; x_wconf 91' lang='lat' dir='ltr'><strong>a</strong></span> <span class='ocrx_word' id='word_1_271' title='bbox 238 3328 312 3382; x_wconf 86' lang='lat' dir='ltr'><strong>collo</strong></span> <span class='ocrx_word' id='word_1_272' title='bbox 339 3327 499 3396; x_wconf 86' lang='lat' dir='ltr'><strong>palearibus</strong></span> <span class='ocrx_word' id='word_1_273' title='bbox 528 3326 656 3382; x_wconf 88' lang='lat' dir='ltr'><strong>demissis</strong></span> <span class='ocrx_word' id='word_1_274' title='bbox 684 3343 800 3396; x_wconf 86' lang='lat' dir='ltr'><strong>corpore</strong></span> <span class='ocrx_word' id='word_1_275' title='bbox 823 3326 918 3396; x_wconf 86' lang='lat' dir='ltr'><strong>amplo</strong></span> <span class='ocrx_word' id='word_1_276' title='bbox 943 3324 1015 3380; x_wconf 91' lang='lat' dir='ltr'><strong>bene</strong></span> <span class='ocrx_word' id='word_1_277' title='bbox 1039 3321 1139 3379; x_wconf 83' lang='lat' dir='ltr'><strong>costato</strong></span> 
     </span>
    </p>

    <p class='ocr_par' dir='ltr' id='par_1_5' title="bbox 112 3395 1142 3531">
     <span class='ocr_line' id='line_1_38' title="bbox 112 3395 1142 3520; baseline -0.005 -70"><span class='ocrx_word' id='word_1_278' title='bbox 112 3398 278 3520; x_wconf 48' lang='lat' dir='ltr'><strong>jucundus</strong></span> <span class='ocrx_word' id='word_1_279' title='bbox 328 3403 363 3456; x_wconf 76' lang='lat'><strong>22</strong></span> <span class='ocrx_word' id='word_1_280' title='bbox 382 3397 561 3471; x_wconf 88' lang='lat' dir='ltr'><strong>suborispam</strong></span> <span class='ocrx_word' id='word_1_281' title='bbox 582 3400 728 3455; x_wconf 75' lang='lat' dir='ltr'><strong>lucustas</strong></span> <span class='ocrx_word' id='word_1_282' title='bbox 770 3402 808 3450; x_wconf 70' lang='lat' dir='ltr'><strong>‘aa</strong></span> <span class='ocrx_word' id='word_1_283' title='bbox 823 3395 898 3451; x_wconf 81' lang='lat' dir='ltr'><strong>inter</strong></span> <span class='ocrx_word' id='word_1_284' title='bbox 916 3413 945 3451; x_wconf 87' lang='lat' dir='ltr'><strong>se</strong></span> <span class='ocrx_word' id='word_1_285' title='bbox 963 3395 1081 3465; x_wconf 83' lang='lat' dir='ltr'><strong>pedibus</strong></span> <span class='ocrx_word' id='word_1_286' title='bbox 1096 3407 1142 3461; x_wconf 44' lang='lat' dir='ltr'><strong>ma,</strong></span> 
     </span>
     <span class='ocr_line' id='line_1_39' title="bbox 131 3471 320 3531; baseline 0.053 -10"><span class='ocrx_word' id='word_1_287' title='bbox 131 3471 320 3531; x_wconf 68' lang='lat' dir='ltr'><strong>sconowa</strong></span> 
     </span>
    </p>
   </div>
   <div class='ocr_carea' id='block_1_4' title="bbox 0 0 1199 3742">
    <p class='ocr_par' dir='ltr' id='par_1_6' title="bbox 0 0 1199 3742">
     <span class='ocr_line' id='line_1_40' title="bbox 0 0 1199 3742; baseline 0 0"><span class='ocrx_word' id='word_1_288' title='bbox 0 0 1199 3742; x_wconf 95' lang='lat' dir='ltr'><strong> </strong></span> 
     </span>
    </p>
   </div>
  </div>
 </body>
</html>
