2386 3742
92 124 156 187 142
486 109 687 178 -vaaaours

90 269 175 334 xime
207 268 366 334 villaticas
399 266 547 352 gallinas.
602 288 620 330 e
652 265 724 350 quis
756 266 790 329 in
824 265 974 349 parando
1010 265 1101 349 eligat

91 362 222 442 oportet
243 355 413 438 fecundas,
439 356 629 439 plerumque
652 353 831 420 rubicunda
854 355 984 440 pluma,
1006 353 1100 437 nigris

90 447 209 530 pinnis,
222 445 391 529 inparibus
407 444 528 529 digitis,
547 443 674 528 magnis
689 443 859 527 capitibus,
879 443 981 508 crista
995 444 1100 525 erecta,

60 535 231 618 5amplas:
254 534 315 598 bae
340 533 426 598 euim
450 533 490 597 ad
513 533 679 615 partiones
703 536 780 597 sunt
802 531 958 615 aptiores.
1003 531 1101 617 gallos

91 623 214 688 salaces
244 624 299 707 qui
327 621 601 705 animadvertunt,
635 620 664 685 si
694 624 772 685 sunt
792 620 956 704 lacertosi,
979 618 1126 684 rubentis

91 712 198 796 crista,
216 715 323 776 rostro
342 711 433 775 brevi
451 710 548 793 pleno
568 714 674 795 acuto,
693 709 795 774 oculis
813 710 902 774 ravis
921 711 981 774 aut
996 708 1101 793 nigris,

90 802 184 885 palea
206 801 306 865 rubra
329 798 560 882 subalbicanti,
587 797 672 863 collo
696 798 787 863 vario
810 801 867 862 aut
891 799 1035 880 aureolo,
1061 797 1101 860 fe·

91 890 232 954 minibus
260 888 388 972 pilosis,
420 888 568 952 eruribus
597 887 766 968 brevibus,
795 887 961 970 unguibus
991 886 1102 970 longia,

91 979 203 1044 caudis
231 977 374 1063 magnis,
408 976 632 1060 frequentibus
662 975 787 1061 pinnis;
827 977 909 1039 item
940 975 999 1060 qui
1031 973 1102 1040 elabi
1144 984 1146 1017 r

91 1072 168 1132 sunt
192 1088 228 1131 ac
251 1065 433 1131 vociferant
460 1086 569 1148 saepe,
598 1065 634 1128 in
661 1065 836 1129 certamine
862 1063 1047 1147 pertinaces
1073 1067 1101 1126 et
1111 1084 1146 1125 a.

91 1157 147 1239 qui
171 1155 324 1219 animalia
348 1176 430 1238 quae
453 1157 572 1218 nocent
595 1152 728 1239 gallinis
751 1174 818 1217 non
836 1153 934 1218 modo
954 1174 1019 1217 non
1038 1174 1101 1237 per·

91 1245 278 1326 timeseant,
311 1243 367 1306 sed
399 1242 497 1306 etiam
530 1264 589 1326 pro
620 1241 754 1326 gallinis
786 1245 1005 1326 propugnent.
1049 1261 1102 1305 nec

61 1335 201 1399 ttamen
230 1331 428 1414 sequendum
455 1331 490 1394 in
518 1330 652 1396 seminio
683 1331 820 1414 legendo
847 1330 1048 1416 Tanagricos
1074 1333 1102 1393 et

91 1421 223 1485 Melicos
244 1423 277 1485 et
296 1416 509 1502 Chalcidicos,
533 1420 588 1504 qui
611 1419 680 1484 sine
704 1419 801 1483 dubio
825 1422 902 1483 sunt
923 1419 1055 1503 pulchri
1075 1422 1103 1482 et

92 1511 132 1575 ad
155 1508 379 1594 proeliandum
401 1508 487 1572 inter
506 1530 540 1572 se
559 1509 699 1572 maxime
717 1508 833 1591 idonei,
856 1507 915 1572 sed
934 1509 976 1572 ad
993 1510 1102 1592 partus
1112 1525 1130 1568 a

92 1603 168 1663 sunt
191 1598 378 1662 steriliores.
415 1597 442 1662 si
466 1597 619 1662 ducentos
644 1596 730 1660 alere
753 1594 844 1680 velis,
866 1597 958 1662 locus
978 1600 1103 1681 saeptus

92 1685 337 1769 adtribuendus,
365 1687 485 1768 inquo
510 1685 592 1749 duae
616 1706 731 1751 caveae
756 1686 947 1750 coniunctae
970 1705 1103 1770 magnae

92 1774 351 1857 constituendae,
388 1796 470 1858 quae
504 1777 651 1858 spectent
683 1773 722 1837 ad
756 1775 955 1838 exorientem
988 1795 1104 1855 versus,

90 1867 246 1947 utraeque
268 1863 303 1927 in
326 1862 564 1947 longitudinem
588 1863 715 1928 circiter
738 1862 847 1927 decem
870 1861 1004 1948 pedum,
1035 1862 1103 1926 lati·

90 1953 202 2018 tudine
235 1951 368 2016 dimidio
402 1951 557 2033 minores,
590 1954 701 2035 [quam
730 1951 776 2030 in]
806 1950 980 2016 altitudine
1008 1951 1133 2034 paulos

89 2042 292 2106 humiliores:
315 2041 350 2105 irc
373 2043 508 2124 utraque
532 2039 675 2104 fenestra
698 2040 766 2105 lata
787 2038 967 2124 tripedalis,
993 2045 1028 2104 et
1052 2060 1102 2104 eae

89 2131 170 2214 pede
199 2129 330 2194 altiores
359 2151 376 2192 e
403 2129 578 2193 viminibus
606 2129 710 2193 factae
738 2129 835 2214 raris,
862 2129 910 2193 ita
937 2132 976 2193 ut
997 2129 1103 2193 lumen

89 2219 268 2318 praebeant
291 2217 375 2280 mult
361 2220 430 2280 tum
439 2239 573 2302 ,neque
597 2239 656 2301 per
678 2239 732 2282 eas
755 2217 925 2319 quicquam
948 2217 996 2281 ire
1021 2218 1102 2282 intro

61 2305 205 2390 lpossit,
228 2326 310 2390 quae
334 2326 447 2370 nocere
472 2308 578 2370 solent
601 2306 791 2392 gallinis'
782 2310 867 2371 mter
817 2307 965 2371 tduas
985 2307 1103 2371 ostium

91 2395 146 2479 sit,
177 2417 241 2478 qua
265 2394 471 2480 gallinacius,
499 2396 598 2459 tdt
554 2400 598 2460 est
619 2398 748 2459 curator
771 2417 894 2475 earum,
922 2395 969 2459 ire
992 2395 1136 2478 possita

89 2484 124 2548 in
156 2485 263 2549 caveis
295 2484 427 2548 crebrae
456 2483 597 2566 perticae
629 2485 783 2548 traiectae
816 2484 892 2567 sint,
923 2486 961 2546 ut
994 2504 1104 2548 omnes

90 2575 249 2638 sustinere
281 2572 411 2657 possint
444 2571 595 2656 gallinas.
640 2576 716 2637 cont
717 2595 753 2636 ra
786 2535 932 2658 singulas
963 2573 1104 2656 perticas

90 2662 123 2725 in
156 2662 279 2745 pariete
247 2662 442 2726 texclusa
471 2662 538 2725 sint
566 2662 687 2726 cubilia
715 2683 834 2727 aarum.
880 2663 956 2725 ante
986 2661 1045 2745 sit,
1071 2664 1106 2726 ut

90 2749 166 2833 dixi,
189 2749 386 2813 vestibulum
410 2753 569 2867 saeptum,
589 2749 623 2813 in
646 2771 711 2833 quo
735 2750 849 2814 diurno
868 2753 1017 2833 tempore
1038 2771 1106 2815 esse

88 2838 217 2922 possint
240 2841 336 2921 atque
360 2838 395 2902 in
417 2839 548 2922 pulvere
570 2838 720 2904 volutari.
766 2842 935 2924 praeterea
959 2838 1003 2902 sit
1025 2840 1140 2903 cellaa

89 2928 236 3012 grandia,
264 2926 297 2991 in
326 2949 389 3011 qua
418 2930 547 2991 curator
568 2927 709 3010 habitet,
737 2928 785 2992 ita
807 2928 901 2993 utin
923 2927 1105 3011 parietibus

89 3017 209 3081 circum
239 3016 348 3080 omnia
375 3016 473 3098 plena
501 3015 568 3080 sint
597 3016 717 3080 cubilia
745 3017 944 3102 gallinarum
973 3020 1031 3081 aut
1058 3039 1108 3081 ex·

179 3212 212 3262 15
236 3206 430 3277 praeliandum
504 3208 570 3261 21
562 3227 591 3263 ιιι
615 3213 678 3264 autc
701 3209 820 3278 utraque
846 3225 896 3264 om
969 3207 1107 3278 tripedali

89 3286 168 3335 eteo
188 3279 259 3349 pede
332 3282 366 3331 25
385 3276 415 3332 id
435 3280 477 3332 est
497 3294 546 3333 om

161 3484 200 3534 20
219 3495 309 3551 quam
328 3478 359 3536 in
384 3478 441 3538 Iac
449 3476 530 3535 audo
549 3479 662 3532 auctore
679 3472 795 3528 tactust
812 3471 949 3522 Gerasus
