2386 3742
265 115 395 171 RERVM
413 115 652 171 RVSTIGARVM
670 116 739 174 LlB.
754 118 766 171 Ι
780 123 885 173 52-55
1039 119 1081 183 63

63 261 268 344 exprimatur
295 261 330 325 in
358 261 495 327 eundem
522 262 639 326 lacum.
684 283 757 326 cum
787 247 884 328 de'siit
907 264 966 328 sub
990 265 1080 349 prelo
1093 272 1122 330 3*

62 349 181 433 fluere,
213 350 344 435 quidam
376 348 607 415 circumcidunt
636 353 780 416 extrema
810 355 843 416 ct
871 374 981 416 mrsus
1012 375 1082 436 pre·

62 441 162 502 munt
180 442 222 523 ct,
243 460 355 504 rursus
375 461 448 504 oum
467 460 662 523 expressum,
686 440 953 509 circumcisicium
971 443 1081 526 appel-

62 527 139 591 lant
166 549 204 592 eo
227 549 374 594 seorsum
408 528 493 612 quod
525 549 712 612 expressum
741 533 793 593 est
820 533 963 614 servant,
996 531 1081 615 quod

36 616 183 699 cresipit
212 615 344 681 ferrum.
389 617 534 701 expressi
564 617 730 682 acinorum
758 616 898 682 folliculi
928 619 964 682 in
994 620 1081 684 dolia

63 705 257 787 coiciuntur,
281 727 383 789 eoque
407 727 492 790 aqua
515 704 657 770 additur:
682 727 720 769 ea
738 709 873 771 vocatur
892 707 971 790 lora,
995 709 1081 792 quod

62 793 136 859 lota
160 794 321 874 acinace
344 817 404 878 pro
427 795 505 859 vino
528 794 686 878 operariis
710 795 805 859 datur
830 795 945 860 hieme.

155 881 204 946 De
232 883 352 949 oliveto
381 884 500 967 oleam,
528 905 626 967 quam
653 905 751 947 manu
774 887 908 968 tangere
932 886 1037 968 possis
1061 901 1136 956 eLV

60 974 152 1036 terra
181 992 219 1036 cc
248 972 357 1050 scalis,
385 972 493 1056 legere
521 975 652 1056 oportet
677 972 787 1055 potius
815 994 912 1056 quam
938 975 1080 1057 quatere,

36 1059 152 1144 >quod
182 1081 220 1124 ea
252 1082 333 1144 quae
365 1061 545 1144 vapulavit,
577 1061 748 1125 marcescit
778 1083 838 1127 nec
867 1061 924 1126 dat
949 1065 1078 1127 tantum

62 1148 138 1214 olei.
176 1170 258 1233 quae
281 1171 380 1213 manu
403 1150 528 1230 stricta,
551 1151 665 1214 melior
688 1171 726 1214 ea
750 1172 833 1234 quae
853 1149 964 1234 digitis
983 1152 1078 1217 nudis

62 1236 275 1318 [laudabilior
292 1238 342 1318 LJ,
366 1260 464 1322 quam
487 1238 545 1302 illa
568 1259 650 1321 quae
674 1260 747 1302 cum
771 1238 971 1324 digitabulis,
995 1240 1079 1305 duri-

61 1325 127 1390 ties
151 1327 237 1390 enim
261 1347 373 1391 eorum
397 1326 481 1410 quod
505 1349 571 1392 non
594 1327 701 1393 solum
720 1328 856 1412 stringit
874 1329 998 1409 bacam,
1023 1329 1108 1393 sed2

60 1414 164 1478 etiam
182 1436 291 1480 ramos
310 1415 418 1499 glubit
436 1437 474 1480 ac
491 1415 646 1499 relinquit
665 1415 704 1480 ad
725 1416 908 1500 gelicidium
928 1422 1078 1483 retectos.

36 1523 147 1587 squae
169 1526 268 1568 manu
294 1504 388 1588 tangi
410 1526 476 1568 non
503 1508 672 1589 poterunt,
699 1505 747 1569 ita
771 1506 863 1589 quati
886 1507 1020 1589 debent,
1042 1510 1087 1571 ut-

58 1593 242 1656 harundine
260 1593 369 1676 potius
389 1615 487 1677 quam
505 1594 628 1677 pertica
646 1593 820 1658 feriantur:
844 1596 975 1679 gravior
993 1595 1078 1659 enim

58 1681 162 1764 plaga
194 1681 354 1746 medicum
386 1682 523 1764 quaerit,
577 1682 633 1766 qui
666 1683 803 1766 quatiet,
835 1705 877 1747 ne
909 1683 1077 1748 adversam

59 1770 185 1836 caedat
231 1792 326 1854 saepe
357 1771 442 1834 euim
472 1772 520 1835 ita
549 1792 703 1854 percussa
732 1771 805 1835 olea
835 1793 944 1836 secum
974 1772 1107 1837 deferta

61 1857 102 1923 ds
117 1860 244 1924 ramulo
262 1860 418 1943 plantam,
437 1882 500 1943 quo
520 1859 608 1925 facto
622 1858 765 1923 fructum
781 1862 936 1924 amittunt
954 1863 1077 1944 posteri

36 1948 149 2012 >anni
194 1969 254 2012 nec
280 1948 360 2013 haec
387 1970 454 2011 non
481 1948 616 2012 minima
639 1969 750 2030 causa,
777 1948 862 2031 quod
886 1950 1008 2014 oliveta
1031 1949 1076 2013 di-

61 2041 141 2100 cant
168 2036 301 2101 alternis
332 2037 425 2101 annis
453 2059 520 2102 non
548 2037 633 2100 ferre
660 2036 785 2100 fructus
809 2041 952 2101 autnon
977 2059 1077 2120 aeque

61 2145 209 2209 magnos.
246 2126 319 2190 olea
339 2130 376 2189 ut
394 2148 457 2190 uva
476 2125 636 2209 peridem
655 2124 779 2189 bivium
798 2125 883 2189 redit
901 2126 935 2188 in
956 2126 1106 2211 villam‚4

61 2213 130 2278 alia
154 2214 195 2277 ad
222 2214 329 2278 cibum
353 2216 387 2295 [l.
411 2214 554 2298 edatur],
581 2215 646 2279 alia
674 2219 712 2279 ut
739 2215 918 2298 eliquescat
946 2237 983 2280 ac
1009 2236 1076 2280 non
1165 2256 1168 2261 -

61 2302 170 2367 solum
203 2324 318 2386 corpus
355 2304 443 2368 intus
480 2306 606 2387 unguet
642 2303 698 2367 sed
736 2303 835 2368 etiam
866 2304 1077 2370 extrinsecus,

36 2391 173 2475 sitaque
202 2391 369 2456 dominum
395 2393 430 2456 in
456 2393 589 2457 balneas
618 2395 651 2456 et
679 2392 899 2477 guminasium
922 2394 1076 2479 sequitur.

59 2480 156 2563 haec,
189 2478 226 2543 de
255 2502 319 2564 qua
346 2481 385 2544 fit
412 2480 531 2564 oleum,
564 2483 697 2564 congeri
725 2482 810 2546 solet
838 2483 1013 2546 acervatim
1040 2483 1105 2546 iub
1138 2513 1141 2518 ·

60 2569 130 2633 dies
155 2569 302 2653 singulos
325 2569 359 2632 in
382 2570 540 2652 tabulata,
562 2574 600 2633 ut
621 2569 667 2633 ibi
690 2569 896 2634 mediocriter
918 2569 1077 2633 fraoescat

60 2679 99 2722 ao
126 2657 251 2741 primus
281 2657 415 2742 quisque
444 2679 576 2722 acervos
605 2656 794 2722 demittatur
822 2679 880 2741 per
909 2658 1011 2722 serias
1036 2658 1076 2722 ad

152 2837 166 2884 1
185 2833 237 2886 sub
256 2833 353 2901 praelo
373 2833 436 2901 (sub
455 2833 536 2902 plero
555 2833 716 2902 opoqrapta
734 2832 897 2899 recentiora)
988 2838 1004 2885 3
1024 2832 1075 2886 cir-

58 2900 265 2958 cumcisioitum
373 2910 389 2958 6
409 2903 585 2958 coniciuntur
613 2902 781 2973 (coiciuntur
806 2904 862 2957 cod.
886 2903 968 2972 Par.)
1042 2910 1075 2958 10

56 2973 195 3028 macescit
277 2978 308 3027 15
328 2973 376 3042 qui
394 2991 479 3028 manu
560 2980 594 3028 22
612 2973 731 3027 biluium
813 2980 847 3027 23
867 2973 903 3026 ad
922 2972 1017 3027 cibum
1035 2974 1074 3027 le-

57 3045 143 3099 datur
228 3050 262 3099 23
281 3045 425 3099 dominum
445 3048 474 3100 et
492 3045 608 3100 balneas
627 3045 656 3099 et
674 3044 864 3114 gyminasium
942 3050 977 3098 26
996 3061 1074 3100 acer-

56 3114 149 3169 uatim
168 3114 228 3170 dics
300 3123 334 3171 28
355 3116 456 3187 serias]
477 3132 543 3171 sena

148 3263 164 3310 3
184 3256 414 3312 circumcisitium
433 3258 557 3327 Scoliqer
618 3261 650 3310 12
669 3255 842 3311 laudabilior
860 3257 1002 3312 delendum
1021 3272 1075 3311 esse

56 3328 203 3382 adnotamt
226 3329 366 3384 Victorius
437 3335 470 3383 15
490 3345 563 3398 quae
581 3343 699 3382 manuc
772 3333 806 3381 22
825 3326 967 3382 biuiumo
1039 3333 1073 3380 23

55 3398 286 3524 tegdffiffevmii
303 3399 427 3471 Scaliqcr
464 3406 497 3454 25
517 3399 662 3455 dominum
676 3403 706 3455 ct
718 3397 751 3454 in
761 3399 881 3453 balneas
896 3398 1084 3452 Secutum
