<?xml version="1.0" encoding="UTF-8"?>
<!DOCTYPE html PUBLIC "-//W3C//DTD XHTML 1.0 Transitional//EN"
    "http://www.w3.org/TR/xhtml1/DTD/xhtml1-transitional.dtd">
<html xmlns="http://www.w3.org/1999/xhtml" xml:lang="en" lang="en">
 <head>
  <title>
</title>
<meta http-equiv="Content-Type" content="text/html;charset=utf-8" />
  <meta name='ocr-system' content='tesseract 3.04.00' />
  <meta name='ocr-capabilities' content='ocr_page ocr_carea ocr_par ocr_line ocrx_word'/>
</head>
<body>
  <div class='ocr_page' id='page_1' title='image "./mterentivarroni01varrgoog/mterentivarroni01varrgoog_0064.png"; bbox 0 0 2386 3742; ppageno 0'>
   <div class='ocr_carea' id='block_1_1' title="bbox 261 122 1077 188">
    <p class='ocr_par' dir='ltr' id='par_1_1' title="bbox 261 122 1077 188">
     <span class='ocr_line' id='line_1_1' title="bbox 261 122 1077 188; baseline 0.009 -10"><span class='ocrx_word' id='word_1_1' title='bbox 261 124 393 182; x_wconf 77' lang='lat' dir='ltr'>RERVM</span> <span class='ocrx_word' id='word_1_2' title='bbox 411 123 651 180; x_wconf 79' lang='lat' dir='ltr'><strong>RVSTIOARVM</strong></span> <span class='ocrx_word' id='word_1_3' title='bbox 669 123 735 180; x_wconf 89' lang='lat' dir='ltr'><strong>LIB.</strong></span> <span class='ocrx_word' id='word_1_4' title='bbox 752 122 766 177; x_wconf 87' lang='lat'>1</span> <span class='ocrx_word' id='word_1_5' title='bbox 785 129 889 179; x_wconf 79' lang='lat'><strong>31-35</strong></span> <span class='ocrx_word' id='word_1_6' title='bbox 1034 123 1077 188; x_wconf 88' lang='grc'>49</span> 
     </span>
    </p>
   </div>
   <div class='ocr_carea' id='block_1_2' title="bbox 10 269 1164 3018">
    <p class='ocr_par' dir='ltr' id='par_1_2' title="bbox 10 269 1164 3018">
     <span class='ocr_line' id='line_1_2' title="bbox 63 269 1079 355; baseline -0.002 -19"><span class='ocrx_word' id='word_1_7' title='bbox 63 271 227 337; x_wconf 80' lang='lat' dir='ltr'>Gallicani</span> <span class='ocrx_word' id='word_1_8' title='bbox 251 271 395 355; x_wconf 89' lang='lat' dir='ltr'>quidam,</span> <span class='ocrx_word' id='word_1_9' title='bbox 425 270 568 353; x_wconf 87' lang='lat' dir='ltr'>legarica</span> <span class='ocrx_word' id='word_1_10' title='bbox 592 271 765 355; x_wconf 87' lang='lat' dir='ltr'>appellant,</span> <span class='ocrx_word' id='word_1_11' title='bbox 789 273 1015 353; x_wconf 89' lang='lat' dir='ltr'>utraquet</span> <span class='ocrx_word' id='word_1_12' title='bbox 949 269 1036 334; x_wconf 92' lang='lat' dir='ltr'>dicta</span> <span class='ocrx_word' id='word_1_13' title='bbox 1060 292 1079 333; x_wconf 98' lang='lat' dir='ltr'>a</span> 
     </span>
     <span class='ocr_line' id='line_1_3' title="bbox 62 359 1079 447; baseline -0.003 -22"><span class='ocrx_word' id='word_1_14' title='bbox 62 361 210 447; x_wconf 89' lang='lat' dir='ltr'>legendo,</span> <span class='ocrx_word' id='word_1_15' title='bbox 235 361 321 444; x_wconf 92' lang='lat' dir='ltr'>quod</span> <span class='ocrx_word' id='word_1_16' title='bbox 345 383 384 424; x_wconf 85' lang='lat' dir='ltr'>ea</span> <span class='ocrx_word' id='word_1_17' title='bbox 404 381 470 423; x_wconf 90' lang='lat' dir='ltr'>non</span> <span class='ocrx_word' id='word_1_18' title='bbox 490 363 649 443; x_wconf 76' lang='lat' dir='ltr'><strong>secantur,</strong></span> <span class='ocrx_word' id='word_1_19' title='bbox 673 359 730 423; x_wconf 90' lang='lat' dir='ltr'>sed</span> <span class='ocrx_word' id='word_1_20' title='bbox 748 360 897 424; x_wconf 84' lang='lat' dir='ltr'>vellendo</span> <span class='ocrx_word' id='word_1_21' title='bbox 918 360 1030 444; x_wconf 92' lang='lat' dir='ltr'>legunt</span> <span class='ocrx_word' id='word_1_22' title='bbox 1030 381 1079 424; x_wconf 91' lang='lat' dir='ltr'>ur.</span> 
     </span>
     <span class='ocr_line' id='line_1_4' title="bbox 62 447 1076 532; baseline -0.003 -18"><span class='ocrx_word' id='word_1_23' title='bbox 62 451 175 514; x_wconf 89' lang='lat' dir='ltr'>vineas</span> <span class='ocrx_word' id='word_1_24' title='bbox 200 453 323 513; x_wconf 90' lang='lat' dir='ltr'>veteres</span> <span class='ocrx_word' id='word_1_25' title='bbox 347 449 466 513; x_wconf 91' lang='lat' dir='ltr'>iterum</span> <span class='ocrx_word' id='word_1_26' title='bbox 489 469 611 532; x_wconf 88' lang='lat' dir='ltr'>occare,</span> <span class='ocrx_word' id='word_1_27' title='bbox 634 449 834 512; x_wconf 90' lang='lat' dir='ltr'>novellast</span> <span class='ocrx_word' id='word_1_28' title='bbox 802 449 900 512; x_wconf 90' lang='lat' dir='ltr'>etiam</span> <span class='ocrx_word' id='word_1_29' title='bbox 919 447 1026 531; x_wconf 89' lang='lat' dir='ltr'>tertio,</span> <span class='ocrx_word' id='word_1_30' title='bbox 1051 448 1076 512; x_wconf 91' lang='lat' dir='ltr'>si</span> 
     </span>
     <span class='ocr_line' id='line_1_5' title="bbox 65 537 527 621; baseline -0.007 -18"><span class='ocrx_word' id='word_1_31' title='bbox 65 543 141 603; x_wconf 90' lang='lat' dir='ltr'>sunt</span> <span class='ocrx_word' id='word_1_32' title='bbox 165 537 359 602; x_wconf 88' lang='lat' dir='ltr'>etiamtum</span> <span class='ocrx_word' id='word_1_33' title='bbox 383 537 527 621; x_wconf 86' lang='lat' dir='ltr'>glaebae</span> 
     </span>
     <span class='ocr_line' id='line_1_6' title="bbox 38 625 1162 711; baseline -0.001 -16"><span class='ocrx_word' id='word_1_34' title='bbox 38 654 51 695; x_wconf 76' lang='grc' dir='ltr'>ι</span> <span class='ocrx_word' id='word_1_35' title='bbox 156 625 298 702; x_wconf 76' lang='lat' dir='ltr'>Quinto</span> <span class='ocrx_word' id='word_1_36' title='bbox 288 630 338 690; x_wconf 91' lang='lat' dir='ltr'>m</span> <span class='ocrx_word' id='word_1_37' title='bbox 324 626 461 690; x_wconf 90' lang='lat' dir='ltr'>ervallo</span> <span class='ocrx_word' id='word_1_38' title='bbox 472 626 556 689; x_wconf 89' lang='lat' dir='ltr'>mter</span> <span class='ocrx_word' id='word_1_39' title='bbox 565 625 746 690; x_wconf 88' lang='lat' dir='ltr'>camculam</span> <span class='ocrx_word' id='word_1_40' title='bbox 757 628 789 688; x_wconf 89' lang='lat' dir='ltr'>et</span> <span class='ocrx_word' id='word_1_41' title='bbox 798 625 1162 711; x_wconf 77' lang='lat' dir='ltr'>aequinoctlumXXXlIl</span> 
     </span>
     <span class='ocr_line' id='line_1_7' title="bbox 66 714 1078 798; baseline -0.001 -18"><span class='ocrx_word' id='word_1_42' title='bbox 66 715 255 780; x_wconf 89' lang='lat' dir='ltr'>autumnale</span> <span class='ocrx_word' id='word_1_43' title='bbox 279 718 407 798; x_wconf 76' lang='lat' dir='ltr'><strong>oportet</strong></span> <span class='ocrx_word' id='word_1_44' title='bbox 430 717 610 779; x_wconf 86' lang='lat' dir='ltr'>stramenta</span> <span class='ocrx_word' id='word_1_45' title='bbox 633 714 775 778; x_wconf 84' lang='lat' dir='ltr'>desecari</span> <span class='ocrx_word' id='word_1_46' title='bbox 799 717 832 778; x_wconf 92' lang='lat' dir='ltr'>et</span> <span class='ocrx_word' id='word_1_47' title='bbox 853 736 986 779; x_wconf 90' lang='lat' dir='ltr'>acervos</span> <span class='ocrx_word' id='word_1_48' title='bbox 1006 737 1078 780; x_wconf 92' lang='lat' dir='ltr'>con-</span> 
     </span>
     <span class='ocr_line' id='line_1_8' title="bbox 66 802 1081 888; baseline -0.001 -20"><span class='ocrx_word' id='word_1_49' title='bbox 66 805 175 888; x_wconf 89' lang='lat' dir='ltr'>stitui,</span> <span class='ocrx_word' id='word_1_50' title='bbox 208 807 300 867; x_wconf 87' lang='lat' dir='ltr'>arata</span> <span class='ocrx_word' id='word_1_51' title='bbox 333 803 473 888; x_wconf 84' lang='lat' dir='ltr'>effringi,</span> <span class='ocrx_word' id='word_1_52' title='bbox 505 803 653 868; x_wconf 86' lang='lat' dir='ltr'>frondem</span> <span class='ocrx_word' id='word_1_53' title='bbox 686 802 792 886; x_wconf 88' lang='lat' dir='ltr'>caedi,</span> <span class='ocrx_word' id='word_1_54' title='bbox 824 807 920 887; x_wconf 90' lang='lat' dir='ltr'>prata</span> <span class='ocrx_word' id='word_1_55' title='bbox 952 805 1081 888; x_wconf 90' lang='lat' dir='ltr'>inrigua</span> 
     </span>
     <span class='ocr_line' id='line_1_9' title="bbox 65 892 318 958; baseline -0.008 -1"><span class='ocrx_word' id='word_1_56' title='bbox 65 895 184 958; x_wconf 89' lang='lat' dir='ltr'>iterum</span> <span class='ocrx_word' id='word_1_57' title='bbox 208 892 318 957; x_wconf 88' lang='lat' dir='ltr'>secari.</span> 
     </span>
     <span class='ocr_line' id='line_1_10' title="bbox 157 979 1164 1063; baseline -0.003 -17"><span class='ocrx_word' id='word_1_58' title='bbox 157 979 255 1046; x_wconf 84' lang='lat' dir='ltr'>Sexto</span> <span class='ocrx_word' id='word_1_59' title='bbox 274 980 444 1045; x_wconf 88' lang='lat' dir='ltr'>intervallo</span> <span class='ocrx_word' id='word_1_60' title='bbox 465 981 506 1045; x_wconf 89' lang='lat' dir='ltr'>ab</span> <span class='ocrx_word' id='word_1_61' title='bbox 531 981 736 1063; x_wconf 87' lang='lat' dir='ltr'>aequinoctio</span> <span class='ocrx_word' id='word_1_62' title='bbox 756 980 938 1044; x_wconf 78' lang='lat' dir='ltr'>autumnali</span> <span class='ocrx_word' id='word_1_63' title='bbox 956 980 1164 1052; x_wconf 76' lang='lat' dir='ltr'>inci-XXXIV</span> 
     </span>
     <span class='ocr_line' id='line_1_11' title="bbox 28 1069 1080 1154; baseline -0.003 -18"><span class='ocrx_word' id='word_1_64' title='bbox 28 1098 53 1138; x_wconf 82' lang='grc' dir='ltr'>ιι</span> <span class='ocrx_word' id='word_1_65' title='bbox 66 1091 142 1154; x_wconf 87' lang='lat' dir='ltr'>pere</span> <span class='ocrx_word' id='word_1_66' title='bbox 174 1069 321 1134; x_wconf 91' lang='lat' dir='ltr'>scribunt</span> <span class='ocrx_word' id='word_1_67' title='bbox 348 1073 496 1153; x_wconf 78' lang='lat' dir='ltr'>oportere</span> <span class='ocrx_word' id='word_1_68' title='bbox 525 1090 630 1133; x_wconf 81' lang='lat' dir='ltr'>serere</span> <span class='ocrx_word' id='word_1_69' title='bbox 659 1091 760 1153; x_wconf 91' lang='lat' dir='ltr'>usque</span> <span class='ocrx_word' id='word_1_70' title='bbox 794 1070 833 1133; x_wconf 90' lang='lat' dir='ltr'>ad</span> <span class='ocrx_word' id='word_1_71' title='bbox 867 1069 951 1133; x_wconf 92' lang='lat' dir='ltr'>diem</span> <span class='ocrx_word' id='word_1_72' title='bbox 982 1091 1080 1133; x_wconf 91' lang='lat' dir='ltr'>nona·</span> 
     </span>
     <span class='ocr_line' id='line_1_12' title="bbox 68 1158 1083 1244; baseline -0.002 -21"><span class='ocrx_word' id='word_1_73' title='bbox 68 1159 229 1244; x_wconf 91' lang='lat' dir='ltr'>gesimum</span> <span class='ocrx_word' id='word_1_74' title='bbox 257 1181 370 1241; x_wconf 86' lang='lat' dir='ltr'>unum;</span> <span class='ocrx_word' id='word_1_75' title='bbox 406 1163 483 1241; x_wconf 89' lang='lat' dir='ltr'>post</span> <span class='ocrx_word' id='word_1_76' title='bbox 510 1159 669 1241; x_wconf 90' lang='lat' dir='ltr'>brumam,</span> <span class='ocrx_word' id='word_1_77' title='bbox 697 1158 761 1221; x_wconf 89' lang='lat' dir='ltr'>nisi</span> <span class='ocrx_word' id='word_1_78' title='bbox 790 1180 872 1243; x_wconf 88' lang='lat' dir='ltr'>quae</span> <span class='ocrx_word' id='word_1_79' title='bbox 901 1158 1083 1223; x_wconf 88' lang='lat' dir='ltr'>necessaria</span> 
     </span>
     <span class='ocr_line' id='line_1_13' title="bbox 68 1247 1083 1333; baseline -0.001 -22"><span class='ocrx_word' id='word_1_80' title='bbox 68 1269 166 1312; x_wconf 85' lang='lat' dir='ltr'>causa</span> <span class='ocrx_word' id='word_1_81' title='bbox 189 1247 346 1333; x_wconf 75' lang='lat' dir='ltr'>coegerit,</span> <span class='ocrx_word' id='word_1_82' title='bbox 375 1257 440 1310; x_wconf 87' lang='lat' dir='ltr'>non</span> <span class='ocrx_word' id='word_1_83' title='bbox 465 1268 585 1331; x_wconf 84' lang='lat' dir='ltr'>serere,</span> <span class='ocrx_word' id='word_1_84' title='bbox 614 1247 698 1330; x_wconf 90' lang='lat' dir='ltr'>quod</span> <span class='ocrx_word' id='word_1_85' title='bbox 722 1250 851 1311; x_wconf 89' lang='lat' dir='ltr'>tantum</span> <span class='ocrx_word' id='word_1_86' title='bbox 874 1248 1019 1326; x_wconf 89' lang='lat' dir='ltr'>intersit,</span> <span class='ocrx_word' id='word_1_87' title='bbox 1045 1251 1083 1312; x_wconf 88' lang='lat' dir='ltr'>ut</span> 
     </span>
     <span class='ocr_line' id='line_1_14' title="bbox 68 1336 1084 1419; baseline 0 -19"><span class='ocrx_word' id='word_1_88' title='bbox 68 1340 142 1400; x_wconf 87' lang='lat' dir='ltr'>ante</span> <span class='ocrx_word' id='word_1_89' title='bbox 161 1336 311 1399; x_wconf 87' lang='lat' dir='ltr'>brumam</span> <span class='ocrx_word' id='word_1_90' title='bbox 332 1339 404 1399; x_wconf 88' lang='lat' dir='ltr'>sata</span> <span class='ocrx_word' id='word_1_91' title='bbox 422 1358 505 1419; x_wconf 88' lang='lat' dir='ltr'>quae</span> <span class='ocrx_word' id='word_1_92' title='bbox 525 1336 663 1419; x_wconf 91' lang='lat' dir='ltr'>septimo</span> <span class='ocrx_word' id='word_1_93' title='bbox 683 1336 742 1418; x_wconf 88' lang='lat' dir='ltr'>die,</span> <span class='ocrx_word' id='word_1_94' title='bbox 756 1342 828 1418; x_wconf 81' lang='lat' dir='ltr'>post</span> <span class='ocrx_word' id='word_1_95' title='bbox 845 1338 993 1401; x_wconf 87' lang='lat' dir='ltr'>brumam</span> <span class='ocrx_word' id='word_1_96' title='bbox 1013 1339 1084 1400; x_wconf 89' lang='lat' dir='ltr'>sata</span> 
     </span>
     <span class='ocr_line' id='line_1_15' title="bbox 68 1424 1082 1525; baseline 0.002 -36"><span class='ocrx_word' id='word_1_97' title='bbox 68 1425 318 1525; x_wconf 81' lang='lat' dir='ltr'>quadragesimo</span> <span class='ocrx_word' id='word_1_98' title='bbox 343 1424 393 1488; x_wconf 88' lang='lat' dir='ltr'>die</span> <span class='ocrx_word' id='word_1_99' title='bbox 417 1426 471 1488; x_wconf 91' lang='lat' dir='ltr'>vix</span> <span class='ocrx_word' id='word_1_100' title='bbox 496 1424 645 1489; x_wconf 87' lang='lat' dir='ltr'>existant.</span> <span class='ocrx_word' id='word_1_101' title='bbox 682 1447 786 1509; x_wconf 91' lang='lat' dir='ltr'>neque</span> <span class='ocrx_word' id='word_1_102' title='bbox 811 1430 886 1489; x_wconf 84' lang='lat' dir='ltr'>ante</span> <span class='ocrx_word' id='word_1_103' title='bbox 910 1425 1082 1508; x_wconf 88' lang='lat' dir='ltr'>aequinoc-</span> 
     </span>
     <span class='ocr_line' id='line_1_16' title="bbox 34 1513 1082 1597; baseline -0.001 -19"><span class='ocrx_word' id='word_1_104' title='bbox 34 1545 55 1586; x_wconf 81' lang='lat'>1⁵</span> <span class='ocrx_word' id='word_1_105' title='bbox 67 1513 190 1578; x_wconf 90' lang='lat' dir='ltr'>t1um</span> <span class='ocrx_word' id='word_1_106' title='bbox 180 1513 279 1596; x_wconf 83' lang='lat' dir='ltr'>incipi</span> <span class='ocrx_word' id='word_1_107' title='bbox 309 1517 459 1597; x_wconf 89' lang='lat' dir='ltr'>oportere</span> <span class='ocrx_word' id='word_1_108' title='bbox 482 1517 612 1597; x_wconf 89' lang='lat' dir='ltr'>putant,</span> <span class='ocrx_word' id='word_1_109' title='bbox 639 1513 737 1597; x_wconf 89' lang='lat' dir='ltr'>quod,</span> <span class='ocrx_word' id='word_1_110' title='bbox 766 1515 793 1596; x_wconf 84' lang='lat' dir='ltr'>si</span> <span class='ocrx_word' id='word_1_111' title='bbox 817 1515 925 1578; x_wconf 90' lang='lat' dir='ltr'>minus</span> <span class='ocrx_word' id='word_1_112' title='bbox 948 1514 1082 1577; x_wconf 83' lang='lat' dir='ltr'>idoneae</span> 
     </span>
     <span class='ocr_line' id='line_1_17' title="bbox 10 1590 1082 1703; baseline 0 -37"><span class='ocrx_word' id='word_1_113' title='bbox 10 1606 279 1686; x_wconf 66' lang='lat' dir='ltr'>*tempestates</span> <span class='ocrx_word' id='word_1_114' title='bbox 298 1602 364 1665; x_wconf 90' lang='lat' dir='ltr'>sint</span> <span class='ocrx_word' id='word_1_115' title='bbox 383 1606 583 1703; x_wconf 80' lang='lat' dir='ltr'>consecutae,</span> <span class='ocrx_word' id='word_1_116' title='bbox 601 1590 785 1685; x_wconf 86' lang='lat' dir='ltr'>putrescere</span> <span class='ocrx_word' id='word_1_117' title='bbox 804 1603 928 1666; x_wconf 91' lang='lat' dir='ltr'>semina</span> <span class='ocrx_word' id='word_1_118' title='bbox 947 1603 1082 1666; x_wconf 88' lang='lat' dir='ltr'>soleant.</span> 
     </span>
     <span class='ocr_line' id='line_1_18' title="bbox 10 1690 1112 1792; baseline 0.002 -38"><span class='ocrx_word' id='word_1_119' title='bbox 10 1690 27 1723; x_wconf 70' lang='lat'>⁵</span> <span class='ocrx_word' id='word_1_120' title='bbox 66 1691 181 1755; x_wconf 89' lang='lat' dir='ltr'>fabam</span> <span class='ocrx_word' id='word_1_121' title='bbox 200 1690 320 1774; x_wconf 88' lang='lat' dir='ltr'>optime</span> <span class='ocrx_word' id='word_1_122' title='bbox 340 1690 403 1754; x_wconf 91' lang='lat' dir='ltr'>seri</span> <span class='ocrx_word' id='word_1_123' title='bbox 422 1690 455 1753; x_wconf 96' lang='lat' dir='ltr'>in</span> <span class='ocrx_word' id='word_1_124' title='bbox 474 1691 684 1792; x_wconf 80' lang='lat' dir='ltr'>vergiliarum</span> <span class='ocrx_word' id='word_1_125' title='bbox 708 1712 838 1756; x_wconf 89' lang='lat' dir='ltr'>occasu:</span> <span class='ocrx_word' id='word_1_126' title='bbox 870 1713 951 1755; x_wconf 86' lang='lat' dir='ltr'>uvas</span> <span class='ocrx_word' id='word_1_127' title='bbox 975 1695 1112 1756; x_wconf 82' lang='lat' dir='ltr'>autem2</span> 
     </span>
     <span class='ocr_line' id='line_1_19' title="bbox 10 1779 1083 1867; baseline 0 -23"><span class='ocrx_word' id='word_1_128' title='bbox 10 1788 14 1867; x_wconf 77' lang='grc' dir='ltr'>ξ</span> <span class='ocrx_word' id='word_1_129' title='bbox 66 1781 177 1866; x_wconf 91' lang='lat' dir='ltr'>legere</span> <span class='ocrx_word' id='word_1_130' title='bbox 201 1783 234 1843; x_wconf 94' lang='lat' dir='ltr'>et</span> <span class='ocrx_word' id='word_1_131' title='bbox 220 1779 450 1842; x_wconf 87' lang='lat' dir='ltr'>vtindemiam</span> <span class='ocrx_word' id='word_1_132' title='bbox 468 1779 642 1844; x_wconf 87' lang='lat' dir='ltr'>faceret</span> <span class='ocrx_word' id='word_1_133' title='bbox 592 1783 642 1843; x_wconf 92' lang='lat' dir='ltr'>1nt</span> <span class='ocrx_word' id='word_1_134' title='bbox 645 1802 679 1843; x_wconf 91' lang='lat' dir='ltr'>er</span> <span class='ocrx_word' id='word_1_135' title='bbox 698 1781 938 1863; x_wconf 91' lang='lat' dir='ltr'>aequinoctium</span> <span class='ocrx_word' id='word_1_136' title='bbox 958 1784 1083 1845; x_wconf 88' lang='lat' dir='ltr'>autum-</span> 
     </span>
     <span class='ocr_line' id='line_1_20' title="bbox 66 1868 1083 1951; baseline 0 -19"><span class='ocrx_word' id='word_1_137' title='bbox 66 1869 144 1932; x_wconf 88' lang='lat' dir='ltr'>nale</span> <span class='ocrx_word' id='word_1_138' title='bbox 175 1872 208 1932; x_wconf 88' lang='lat' dir='ltr'>et</span> <span class='ocrx_word' id='word_1_139' title='bbox 235 1868 446 1951; x_wconf 85' lang='lat' dir='ltr'>vergiliarum</span> <span class='ocrx_word' id='word_1_140' title='bbox 474 1890 638 1933; x_wconf 87' lang='lat' dir='ltr'>occasum:</span> <span class='ocrx_word' id='word_1_141' title='bbox 675 1869 749 1932; x_wconf 91' lang='lat' dir='ltr'>dein</span> <span class='ocrx_word' id='word_1_142' title='bbox 777 1869 859 1932; x_wconf 90' lang='lat' dir='ltr'>vites</span> <span class='ocrx_word' id='word_1_143' title='bbox 890 1874 1004 1951; x_wconf 90' lang='lat' dir='ltr'>putare</span> <span class='ocrx_word' id='word_1_144' title='bbox 1035 1870 1083 1932; x_wconf 93' lang='lat' dir='ltr'>in-</span> 
     </span>
     <span class='ocr_line' id='line_1_21' title="bbox 29 1956 1086 2041; baseline -0.004 -18"><span class='ocrx_word' id='word_1_145' title='bbox 29 1958 178 2040; x_wconf 66' lang='lat' dir='ltr'>acipere</span> <span class='ocrx_word' id='word_1_146' title='bbox 213 1959 246 2020; x_wconf 91' lang='lat' dir='ltr'>et</span> <span class='ocrx_word' id='word_1_147' title='bbox 278 1978 460 2041; x_wconf 88' lang='lat' dir='ltr'>propagare</span> <span class='ocrx_word' id='word_1_148' title='bbox 491 1960 524 2020; x_wconf 92' lang='lat' dir='ltr'>et</span> <span class='ocrx_word' id='word_1_149' title='bbox 554 1978 659 2020; x_wconf 89' lang='lat' dir='ltr'>serere</span> <span class='ocrx_word' id='word_1_150' title='bbox 691 1979 798 2040; x_wconf 89' lang='lat' dir='ltr'>poma.</span> <span class='ocrx_word' id='word_1_151' title='bbox 848 1956 927 2021; x_wconf 88' lang='lat' dir='ltr'>haec</span> <span class='ocrx_word' id='word_1_152' title='bbox 960 1957 1086 2040; x_wconf 88' lang='lat' dir='ltr'>aliquot</span> 
     </span>
     <span class='ocr_line' id='line_1_22' title="bbox 67 2044 1085 2131; baseline 0.003 -21"><span class='ocrx_word' id='word_1_153' title='bbox 67 2044 268 2131; x_wconf 89' lang='lat' dir='ltr'>regionibus,</span> <span class='ocrx_word' id='word_1_154' title='bbox 286 2045 343 2108; x_wconf 93' lang='lat' dir='ltr'>ubi</span> <span class='ocrx_word' id='word_1_155' title='bbox 362 2046 519 2110; x_wconf 88' lang='lat' dir='ltr'>maturius</span> <span class='ocrx_word' id='word_1_156' title='bbox 538 2045 663 2129; x_wconf 84' lang='lat' dir='ltr'>frigora</span> <span class='ocrx_word' id='word_1_157' title='bbox 676 2046 761 2109; x_wconf 91' lang='lat' dir='ltr'>fiunt</span> <span class='ocrx_word' id='word_1_158' title='bbox 775 2045 950 2129; x_wconf 88' lang='lat' dir='ltr'>asperiora,</span> <span class='ocrx_word' id='word_1_159' title='bbox 969 2046 1085 2113; x_wconf 78' lang='lat' dir='ltr'>melius</span> 
     </span>
     <span class='ocr_line' id='line_1_23' title="bbox 69 2138 348 2216; baseline -0.007 -17"><span class='ocrx_word' id='word_1_160' title='bbox 69 2156 168 2199; x_wconf 90' lang='lat' dir='ltr'>verno</span> <span class='ocrx_word' id='word_1_161' title='bbox 193 2138 348 2216; x_wconf 89' lang='lat' dir='ltr'>tempore.</span> 
     </span>
     <span class='ocr_line' id='line_1_24' title="bbox 161 2220 1159 2308; baseline 0.01 -23"><span class='ocrx_word' id='word_1_162' title='bbox 161 2220 306 2306; x_wconf 82' lang='lat' dir='ltr'>Septimo</span> <span class='ocrx_word' id='word_1_163' title='bbox 321 2222 493 2287; x_wconf 89' lang='lat' dir='ltr'>intervallo</span> <span class='ocrx_word' id='word_1_164' title='bbox 508 2223 595 2285; x_wconf 89' lang='lat' dir='ltr'>inter</span> <span class='ocrx_word' id='word_1_165' title='bbox 613 2223 823 2308; x_wconf 88' lang='lat' dir='ltr'>vergiliarum</span> <span class='ocrx_word' id='word_1_166' title='bbox 843 2245 993 2289; x_wconf 88' lang='lat' dir='ltr'>occasum</span> <span class='ocrx_word' id='word_1_167' title='bbox 1013 2227 1159 2295; x_wconf 82' lang='lat' dir='ltr'>etXXXV</span> 
     </span>
     <span class='ocr_line' id='line_1_25' title="bbox 68 2311 1087 2395; baseline -0.002 -18"><span class='ocrx_word' id='word_1_168' title='bbox 68 2314 222 2377; x_wconf 89' lang='lat' dir='ltr'>brumam</span> <span class='ocrx_word' id='word_1_169' title='bbox 249 2311 330 2375; x_wconf 89' lang='lat' dir='ltr'>hacc</span> <span class='ocrx_word' id='word_1_170' title='bbox 357 2311 426 2375; x_wconf 90' lang='lat' dir='ltr'>fieri</span> <span class='ocrx_word' id='word_1_171' title='bbox 457 2315 606 2395; x_wconf 90' lang='lat' dir='ltr'>oportere</span> <span class='ocrx_word' id='word_1_172' title='bbox 630 2312 748 2379; x_wconf 83' lang='lat' dir='ltr'>dicunt.</span> <span class='ocrx_word' id='word_1_173' title='bbox 795 2334 899 2376; x_wconf 90' lang='lat' dir='ltr'>serere</span> <span class='ocrx_word' id='word_1_174' title='bbox 923 2313 1029 2377; x_wconf 90' lang='lat' dir='ltr'>lilium</span> <span class='ocrx_word' id='word_1_175' title='bbox 1055 2316 1087 2376; x_wconf 94' lang='lat' dir='ltr'>et</span> 
     </span>
     <span class='ocr_line' id='line_1_26' title="bbox 23 2400 1088 2485; baseline -0.002 -20"><span class='ocrx_word' id='word_1_176' title='bbox 23 2429 54 2476; x_wconf 76' lang='lat'>25</span> <span class='ocrx_word' id='word_1_177' title='bbox 68 2421 209 2466; x_wconf 90' lang='lat' dir='ltr'>crocum.</span> <span class='ocrx_word' id='word_1_178' title='bbox 264 2422 345 2483; x_wconf 88' lang='lat' dir='ltr'>quae</span> <span class='ocrx_word' id='word_1_179' title='bbox 378 2402 444 2464; x_wconf 89' lang='lat' dir='ltr'>iam</span> <span class='ocrx_word' id='word_1_180' title='bbox 477 2400 544 2484; x_wconf 88' lang='lat' dir='ltr'>egit</span> <span class='ocrx_word' id='word_1_181' title='bbox 572 2401 713 2465; x_wconf 90' lang='lat' dir='ltr'>radicem</span> <span class='ocrx_word' id='word_1_182' title='bbox 745 2423 835 2485; x_wconf 89' lang='lat' dir='ltr'>rosa,</span> <span class='ocrx_word' id='word_1_183' title='bbox 872 2424 910 2465; x_wconf 90' lang='lat' dir='ltr'>ea</span> <span class='ocrx_word' id='word_1_184' title='bbox 944 2402 1088 2466; x_wconf 87' lang='lat' dir='ltr'>caeditur</span> 
     </span>
     <span class='ocr_line' id='line_1_27' title="bbox 68 2488 1087 2573; baseline -0.002 -19"><span class='ocrx_word' id='word_1_185' title='bbox 68 2488 227 2554; x_wconf 90' lang='lat' dir='ltr'>radicitus</span> <span class='ocrx_word' id='word_1_186' title='bbox 247 2488 281 2552; x_wconf 93' lang='lat' dir='ltr'>in</span> <span class='ocrx_word' id='word_1_187' title='bbox 299 2489 443 2573; x_wconf 90' lang='lat' dir='ltr'>virgulas</span> <span class='ocrx_word' id='word_1_188' title='bbox 466 2489 628 2572; x_wconf 89' lang='lat' dir='ltr'>palmares</span> <span class='ocrx_word' id='word_1_189' title='bbox 644 2493 677 2552; x_wconf 89' lang='lat' dir='ltr'>et</span> <span class='ocrx_word' id='word_1_190' title='bbox 692 2489 852 2554; x_wconf 91' lang='lat' dir='ltr'>obruitur:</span> <span class='ocrx_word' id='word_1_191' title='bbox 875 2490 955 2553; x_wconf 89' lang='lat' dir='ltr'>haec</span> <span class='ocrx_word' id='word_1_192' title='bbox 976 2489 1087 2553; x_wconf 89' lang='lat' dir='ltr'>eadem</span> 
     </span>
     <span class='ocr_line' id='line_1_28' title="bbox 67 2576 1087 2662; baseline -0.001 -20"><span class='ocrx_word' id='word_1_193' title='bbox 67 2580 190 2662; x_wconf 87' lang='lat' dir='ltr'>postea</span> <span class='ocrx_word' id='word_1_194' title='bbox 216 2578 410 2642; x_wconf 85' lang='lat' dir='ltr'>transfertur</span> <span class='ocrx_word' id='word_1_195' title='bbox 438 2577 525 2642; x_wconf 89' lang='lat' dir='ltr'>facta</span> <span class='ocrx_word' id='word_1_196' title='bbox 553 2578 721 2642; x_wconf 87' lang='lat' dir='ltr'>viviradix.</span> <span class='ocrx_word' id='word_1_197' title='bbox 766 2579 903 2642; x_wconf 87' lang='lat' dir='ltr'>violaria</span> <span class='ocrx_word' id='word_1_198' title='bbox 931 2579 963 2641; x_wconf 89' lang='lat' dir='ltr'>in</span> <span class='ocrx_word' id='word_1_199' title='bbox 988 2576 1087 2641; x_wconf 87' lang='lat' dir='ltr'>fundo</span> 
     </span>
     <span class='ocr_line' id='line_1_29' title="bbox 68 2665 1087 2749; baseline -0.001 -19"><span class='ocrx_word' id='word_1_200' title='bbox 68 2668 179 2731; x_wconf 82' lang='lat' dir='ltr'>facere</span> <span class='ocrx_word' id='word_1_201' title='bbox 203 2687 267 2729; x_wconf 92' lang='lat' dir='ltr'>non</span> <span class='ocrx_word' id='word_1_202' title='bbox 292 2671 342 2729; x_wconf 88' lang='lat' dir='ltr'>est</span> <span class='ocrx_word' id='word_1_203' title='bbox 364 2666 460 2749; x_wconf 89' lang='lat' dir='ltr'>utile,</span> <span class='ocrx_word' id='word_1_204' title='bbox 490 2665 563 2730; x_wconf 89' lang='lat' dir='ltr'>ideo</span> <span class='ocrx_word' id='word_1_205' title='bbox 588 2667 673 2749; x_wconf 91' lang='lat' dir='ltr'>quod</span> <span class='ocrx_word' id='word_1_206' title='bbox 696 2688 827 2730; x_wconf 88' lang='lat' dir='ltr'>necesse</span> <span class='ocrx_word' id='word_1_207' title='bbox 851 2671 901 2731; x_wconf 90' lang='lat' dir='ltr'>est</span> <span class='ocrx_word' id='word_1_208' title='bbox 923 2669 1011 2731; x_wconf 83' lang='lat' dir='ltr'>terra</span> <span class='ocrx_word' id='word_1_209' title='bbox 1035 2666 1087 2730; x_wconf 87' lang='lat' dir='ltr'>ad-</span> 
     </span>
     <span class='ocr_line' id='line_1_30' title="bbox 68 2754 1087 2840; baseline -0.002 -20"><span class='ocrx_word' id='word_1_210' title='bbox 68 2754 197 2820; x_wconf 89' lang='lat' dir='ltr'>ruenda</span> <span class='ocrx_word' id='word_1_211' title='bbox 229 2754 379 2838; x_wconf 89' lang='lat' dir='ltr'>pulvinos</span> <span class='ocrx_word' id='word_1_212' title='bbox 412 2754 496 2837; x_wconf 89' lang='lat' dir='ltr'>fieri,</span> <span class='ocrx_word' id='word_1_213' title='bbox 537 2777 616 2838; x_wconf 92' lang='lat' dir='ltr'>quos</span> <span class='ocrx_word' id='word_1_214' title='bbox 649 2756 860 2840; x_wconf 89' lang='lat' dir='ltr'>inrigationes</span> <span class='ocrx_word' id='word_1_215' title='bbox 894 2759 927 2819; x_wconf 90' lang='lat' dir='ltr'>et</span> <span class='ocrx_word' id='word_1_216' title='bbox 958 2755 1087 2839; x_wconf 89' lang='lat' dir='ltr'>pluviae</span> 
     </span>
     <span class='ocr_line' id='line_1_31' title="bbox 21 2844 1117 2927; baseline 0.002 -19"><span class='ocrx_word' id='word_1_217' title='bbox 21 2879 52 2922; x_wconf 59' lang='grc' dir='ltr'>ω</span> <span class='ocrx_word' id='word_1_218' title='bbox 67 2846 285 2927; x_wconf 85' lang='lat' dir='ltr'>tempestates</span> <span class='ocrx_word' id='word_1_219' title='bbox 314 2844 449 2908; x_wconf 90' lang='lat' dir='ltr'>abluunt</span> <span class='ocrx_word' id='word_1_220' title='bbox 476 2847 508 2906; x_wconf 93' lang='lat' dir='ltr'>et</span> <span class='ocrx_word' id='word_1_221' title='bbox 538 2864 652 2927; x_wconf 87' lang='lat' dir='ltr'>agrum</span> <span class='ocrx_word' id='word_1_222' title='bbox 675 2844 800 2908; x_wconf 86' lang='lat' dir='ltr'>faciunt</span> <span class='ocrx_word' id='word_1_223' title='bbox 823 2845 1022 2910; x_wconf 89' lang='lat' dir='ltr'>macriorem.</span> <span class='ocrx_word' id='word_1_224' title='bbox 1069 2854 1117 2910; x_wconf 81' lang='lat' dir='ltr'>a2</span> 
     </span>
     <span class='ocr_line' id='line_1_32' title="bbox 68 2931 1088 3018; baseline -0.002 -20"><span class='ocrx_word' id='word_1_225' title='bbox 68 2931 208 2998; x_wconf 88' lang='lat' dir='ltr'>favonio</span> <span class='ocrx_word' id='word_1_226' title='bbox 236 2953 337 3016; x_wconf 88' lang='lat' dir='ltr'>usque</span> <span class='ocrx_word' id='word_1_227' title='bbox 365 2933 404 2996; x_wconf 88' lang='lat' dir='ltr'>ad</span> <span class='ocrx_word' id='word_1_228' title='bbox 433 2932 554 2997; x_wconf 89' lang='lat' dir='ltr'>arcturi</span> <span class='ocrx_word' id='word_1_229' title='bbox 583 2933 731 2996; x_wconf 86' lang='lat' dir='ltr'>exortum</span> <span class='ocrx_word' id='word_1_230' title='bbox 758 2937 845 2997; x_wconf 92' lang='lat' dir='ltr'>recte</span> <span class='ocrx_word' id='word_1_231' title='bbox 873 2934 1040 3018; x_wconf 86' lang='lat' dir='ltr'>serpillum</span> <span class='ocrx_word' id='word_1_232' title='bbox 1071 2954 1088 2996; x_wconf 90' lang='lat' dir='ltr'>e</span> 
     </span>
    </p>
   </div>
   <div class='ocr_carea' id='block_1_3' title="bbox 66 3107 1090 3390">
    <p class='ocr_par' dir='ltr' id='par_1_3' title="bbox 66 3107 1090 3390">
     <span class='ocr_line' id='line_1_33' title="bbox 166 3107 1089 3177; baseline -0.001 -16"><span class='ocrx_word' id='word_1_233' title='bbox 166 3113 181 3161; x_wconf 78' lang='grc'>7</span> <span class='ocrx_word' id='word_1_234' title='bbox 206 3109 300 3162; x_wconf 86' lang='lat' dir='ltr'>aratra</span> <span class='ocrx_word' id='word_1_235' title='bbox 409 3112 442 3160; x_wconf 92' lang='lat'>10</span> <span class='ocrx_word' id='word_1_236' title='bbox 470 3107 701 3176; x_wconf 84' lang='lat' dir='ltr'>nonagensimum</span> <span class='ocrx_word' id='word_1_237' title='bbox 730 3108 954 3177; x_wconf 84' lang='lat' dir='ltr'>(nonagesimum</span> <span class='ocrx_word' id='word_1_238' title='bbox 982 3108 1089 3175; x_wconf 74' lang='lat' dir='ltr'>opopa)</span> 
     </span>
     <span class='ocr_line' id='line_1_34' title="bbox 69 3177 1090 3248; baseline -0.003 -14"><span class='ocrx_word' id='word_1_239' title='bbox 69 3187 106 3234; x_wconf 84' lang='lat'>13</span> <span class='ocrx_word' id='word_1_240' title='bbox 127 3180 195 3247; x_wconf 87' lang='lat' dir='ltr'>post</span> <span class='ocrx_word' id='word_1_241' title='bbox 213 3178 352 3248; x_wconf 89' lang='lat' dir='ltr'>brumam]</span> <span class='ocrx_word' id='word_1_242' title='bbox 371 3177 472 3230; x_wconf 90' lang='lat' dir='ltr'>bruma</span> <span class='ocrx_word' id='word_1_243' title='bbox 514 3183 547 3232; x_wconf 88' lang='grc'>16</span> <span class='ocrx_word' id='word_1_244' title='bbox 566 3179 712 3247; x_wconf 82' lang='lat' dir='ltr'>patescere</span> <span class='ocrx_word' id='word_1_245' title='bbox 754 3184 788 3232; x_wconf 87' lang='grc'>20</span> <span class='ocrx_word' id='word_1_246' title='bbox 809 3178 924 3246; x_wconf 86' lang='lat' dir='ltr'>aliquod</span> <span class='ocrx_word' id='word_1_247' title='bbox 960 3183 994 3231; x_wconf 80' lang='grc'>25</span> <span class='ocrx_word' id='word_1_248' title='bbox 1015 3177 1090 3244; x_wconf 89' lang='lat' dir='ltr'>quod</span> 
     </span>
     <span class='ocr_line' id='line_1_35' title="bbox 66 3247 1089 3320; baseline -0.006 -14"><span class='ocrx_word' id='word_1_249' title='bbox 66 3253 133 3306; x_wconf 85' lang='lat' dir='ltr'>iam</span> <span class='ocrx_word' id='word_1_250' title='bbox 153 3251 219 3320; x_wconf 87' lang='lat' dir='ltr'>eget</span> <span class='ocrx_word' id='word_1_251' title='bbox 238 3249 325 3320; x_wconf 93' lang='lat' dir='ltr'>(quod</span> <span class='ocrx_word' id='word_1_252' title='bbox 343 3251 400 3302; x_wconf 91' lang='lat' dir='ltr'>iam</span> <span class='ocrx_word' id='word_1_253' title='bbox 419 3249 479 3316; x_wconf 85' lang='lat' dir='ltr'>egit</span> <span class='ocrx_word' id='word_1_254' title='bbox 500 3248 538 3316; x_wconf 90' lang='lat' dir='ltr'>V)</span> <span class='ocrx_word' id='word_1_255' title='bbox 611 3266 676 3303; x_wconf 86' lang='lat' dir='ltr'>rosa</span> <span class='ocrx_word' id='word_1_256' title='bbox 694 3264 758 3302; x_wconf 89' lang='lat' dir='ltr'>mea</span> <span class='ocrx_word' id='word_1_257' title='bbox 777 3250 907 3304; x_wconf 89' lang='lat' dir='ltr'>conditur</span> <span class='ocrx_word' id='word_1_258' title='bbox 978 3254 1012 3301; x_wconf 85' lang='grc'>29</span> <span class='ocrx_word' id='word_1_259' title='bbox 1026 3247 1089 3316; x_wconf 90' lang='lat' dir='ltr'>plu·</span> 
     </span>
     <span class='ocr_line' id='line_1_36' title="bbox 66 3320 1049 3390; baseline -0.004 -14"><span class='ocrx_word' id='word_1_260' title='bbox 66 3323 140 3377; x_wconf 84' lang='lat' dir='ltr'>uiae</span> <span class='ocrx_word' id='word_1_261' title='bbox 158 3321 343 3388; x_wconf 87' lang='lat' dir='ltr'>tempestates</span> <span class='ocrx_word' id='word_1_262' title='bbox 363 3321 471 3389; x_wconf 88' lang='lat' dir='ltr'>(pluuia</span> <span class='ocrx_word' id='word_1_263' title='bbox 490 3323 518 3374; x_wconf 87' lang='lat' dir='ltr'>et</span> <span class='ocrx_word' id='word_1_264' title='bbox 536 3321 720 3388; x_wconf 84' lang='lat' dir='ltr'>tempestates</span> <span class='ocrx_word' id='word_1_265' title='bbox 734 3321 859 3390; x_wconf 74' lang='lat' dir='ltr'>plurima</span> <span class='ocrx_word' id='word_1_266' title='bbox 878 3320 1049 3390; x_wconf 74' lang='lat' dir='ltr'>cpoprapba)</span> 
     </span>
    </p>
   </div>
   <div class='ocr_carea' id='block_1_4' title="bbox 118 3483 994 3622">
    <p class='ocr_par' dir='ltr' id='par_1_4' title="bbox 118 3483 994 3622">
     <span class='ocr_line' id='line_1_37' title="bbox 163 3483 442 3548; baseline 0.018 -16"><span class='ocrx_word' id='word_1_267' title='bbox 163 3486 198 3532; x_wconf 81' lang='lat'>16</span> <span class='ocrx_word' id='word_1_268' title='bbox 210 3483 373 3548; x_wconf 84' lang='lat' dir='ltr'>putrescere</span> <span class='ocrx_word' id='word_1_269' title='bbox 393 3497 442 3537; x_wconf 79' lang='lat' dir='ltr'>mv</span> 
     </span>
     <span class='ocr_line' id='line_1_38' title="bbox 118 3566 994 3622; baseline 0.002 -6"><span class='ocrx_word' id='word_1_270' title='bbox 118 3577 201 3616; x_wconf 70' lang='lat' dir='ltr'>Varro</span> <span class='ocrx_word' id='word_1_271' title='bbox 215 3587 269 3616; x_wconf 73' lang='lat' dir='ltr'>aar.</span> <span class='ocrx_word' id='word_1_272' title='bbox 284 3589 356 3622; x_wconf 74' lang='lat' dir='ltr'>ever.</span> <span class='ocrx_word' id='word_1_273' title='bbox 970 3566 994 3611; x_wconf 66' lang='grc' dir='ltr'>Ᾱι</span> 
     </span>
    </p>
   </div>
   <div class='ocr_carea' id='block_1_5' title="bbox 0 0 1198 3742">
    <p class='ocr_par' dir='ltr' id='par_1_5' title="bbox 0 0 1198 3742">
     <span class='ocr_line' id='line_1_39' title="bbox 0 0 1198 3742; baseline 0 0"><span class='ocrx_word' id='word_1_274' title='bbox 0 0 1198 3742; x_wconf 95' lang='lat' dir='ltr'> </span> 
     </span>
    </p>
   </div>
  </div>
 </body>
</html>
