2386 3742
129 125 174 188 44
549 124 737 179 VARRONIS

131 270 196 334 seri
220 274 369 351 oportere
394 267 466 355 (sed
488 271 550 336 hoc
573 291 678 354 neque
701 270 736 333 in
759 268 908 333 omnibus
931 267 1042 333 fundis
1068 290 1145 353 opus
1190 261 1193 384 l

132 363 183 422 est
195 379 309 442 neque,
321 359 355 422 in
370 359 486 441 quibus
502 362 551 422 est
567 380 657 441 opus,
672 362 805 441 propter
818 356 967 422 frondem
983 356 1145 440 maxime),
1190 393 1193 396 ·

133 447 201 510 sine
226 446 418 511 detrimento
438 451 602 530 ponuntur
622 470 641 511 a
660 445 920 530 septemtrionali
938 452 1044 531 parte,
1064 446 1146 531 quod

132 556 200 598 non
223 533 368 598 officiunt
391 537 463 601 soli

99 630 119 685 4
220 623 280 686 Ille
305 624 402 688 adicit
425 625 466 688 ab
490 623 603 688 eodem
627 623 800 706 scriptore,
831 624 859 687 si
882 623 972 687 locus
997 626 1144 688 umectus
1164 642 1174 684 ι

132 703 184 795 sit,
207 711 254 775 ibi
278 713 444 777 cacumina
464 712 660 814 populorum
680 713 867 775 serendaet
885 711 1146 776 harundinetum.
1192 745 1193 802 ι

131 799 164 863 id
179 801 268 883 prius
283 801 406 884 bipalio
422 808 493 865 vert
494 803 513 882 i,
479 801 573 865 tibi
589 801 698 865 oculos
714 801 904 863 harundinis
919 799 1018 883 pedes
1033 805 1145 865 ternos
1192 827 1193 860 ;

132 888 231 953 alium
255 889 295 952 ab
320 889 384 953 alio
409 889 482 973 seri,
505 912 523 950 s
547 895 658 972 aptam
682 911 752 952 esse
775 888 904 972 utrique
924 889 1061 953 eandem
1081 888 1146 953 fere

132 979 299 1043 culturam.
337 979 468 1041 salicem
489 999 638 1062 graecam
662 977 780 1041 circum
804 977 1061 1041 harundinetum
1085 978 1148 1041 seri

68 1080 144 1134 XXV
156 1071 314 1149 oportere,
337 1067 387 1130 uti
410 1067 453 1129 sit
477 1067 531 1150 qui
555 1066 631 1129 vitis
656 1065 786 1150 alligari
809 1065 923 1148 possit
969 1065 1066 1130 vinea
1085 1088 1169 1150 quo

133 1154 167 1216 in
192 1175 271 1238 agro
296 1153 430 1217 serenda
455 1155 513 1236 sit,
537 1155 583 1218 sic
607 1154 852 1218 observandum.
898 1153 955 1236 qui
977 1154 1071 1219 locus
1094 1176 1149 1239 op·

133 1242 232 1305 timus
256 1242 331 1306 vino
351 1243 394 1306 sit
413 1247 446 1306 et
464 1247 612 1306 ostentus
632 1243 703 1321 soli,
726 1243 912 1306 aminneum
931 1242 1148 1308 minusculum

133 1334 166 1393 et
185 1330 352 1414 geminum
372 1352 561 1416 eugeneum,
579 1332 724 1395 helvium
738 1331 954 1394 minusculum
970 1329 1035 1395 seri
1054 1353 1149 1416 opor·

133 1423 211 1482 tere.
258 1419 314 1502 qui
336 1419 427 1483 locus
451 1421 590 1484 crassior
613 1419 656 1484 sit
680 1422 737 1484 aut
759 1420 947 1502 nebulosus,
976 1419 1023 1482 ibi
1049 1421 1152 1485 amin·

132 1529 230 1570 neum
253 1507 358 1571 maius
378 1512 435 1572 aut
454 1509 704 1593 murgentinum‚
729 1508 878 1591 apicium,
900 1508 1054 1573 lucanum
1073 1509 1149 1573 seri.

133 1598 256 1659 ceteras
284 1596 381 1682 vites,
414 1601 446 1660 et
473 1597 511 1660 de
539 1599 580 1660 iis
609 1597 770 1661 miscellae
799 1596 954 1678 maxime,
990 1597 1026 1660 in
1055 1619 1151 1663 omne

57 1697 147 1771 XXVI
156 1704 258 1767 genus
282 1687 353 1767 agri
376 1685 555 1750 convenire.
601 1686 636 1749 in
664 1685 753 1749 omni
777 1685 872 1749 vinea
895 1685 1073 1767 diligenter
1096 1687 1152 1752 ob·

134 1777 264 1835 servant
287 1776 324 1836 ut
347 1773 449 1838 ridica
473 1775 548 1838 vitis
573 1773 902 1856 sid-septemtrionem
925 1794 1038 1838 versus
1057 1779 1151 1860 rega

95 1890 97 1897 ·
132 1864 200 1943 tur;
237 1875 270 1924 ec
293 1862 321 1924 si
344 1883 515 1944 cupressos
540 1863 642 1943 vivas,
671 1884 729 1945 pro
753 1861 862 1925 ridicis
886 1884 967 1945 quas
991 1863 1150 1946 inserunt,

133 1950 276 2012 alternos
305 1951 434 2014 ordines
464 1951 639 2033 inponunt,
666 1972 770 2033 neque
799 1972 854 2015 eos
883 1971 1026 2015 cresccre
1051 1952 1150 2017 altius

134 2059 231 2121 quam
251 2037 369 2102 ridicas
387 2040 565 2122 patiantur,
588 2060 692 2122 neque
711 2044 844 2123 propter
864 2060 919 2103 eos
942 2043 979 2102 ut
998 2039 1152 2105 adserant

134 2126 226 2208 vites,
250 2126 335 2209 quod
359 2127 445 2190 inter
468 2149 502 2190 se
525 2128 606 2191 haec
623 2127 764 2192 inimica.

223 2215 344 2298 Agrius
368 2213 546 2295 Fundanio,
569 2215 701 2301 Vereor,
723 2215 837 2299 inquit,
861 2236 902 2278 ne
926 2218 1002 2279 ante
1026 2217 1148 2283 aeditu-

134 2323 205 2365 mus
230 2301 338 2366 veniat
324 2303 434 2385 i,huc
458 2326 555 2387 quam
579 2305 631 2369 hic
655 2305 695 2368 ad
719 2311 873 2387 quartum
888 2308 1007 2370 actum
1042 2306 1147 2371 vinde·

135 2391 233 2453 miam
263 2391 351 2454 enim
380 2398 522 2475 expecto,
567 2392 660 2458 Bono
689 2394 798 2457 animo
822 2414 869 2475 es,
898 2393 1004 2476 inquit
1028 2392 1174 2479 Scrofa,

67 2491 171 2547 XXVII
182 2501 219 2544 ac
241 2479 373 2544 fiscinas
397 2482 511 2565 expedi
534 2486 568 2546 et
591 2504 715 2546 urnam.
766 2480 977 2565 etquoniam
1000 2485 1146 2635 tempora

135 2568 271 2632 duorum
292 2590 447 2653 generum
467 2574 552 2653 sunt,
570 2592 670 2634 unum
689 2570 814 2652 annale,
838 2569 923 2652 quod
943 2569 1039 2633 sol
1011 2572 1145 2636 c1rcuitu
1192 2646 1193 2656 χ

136 2678 193 2719 suo
217 2657 299 2738 finit,
330 2658 469 2721 alterum
492 2662 710 2740 menstruum,
738 2657 824 2742 quod
852 2659 928 2722 luna
956 2659 1144 2725 circumiens

135 2746 334 2827 conprendit,
357 2746 446 2828 prius
471 2746 576 2811 dicam
601 2746 740 2811 desole.
787 2747 855 2810 eius
885 2767 997 2810 cursus
1022 2747 1144 2813 annalis

225 2899 307 2970 ruip
309 2900 365 2954 allo
424 2901 549 2957 Saltum
570 2901 668 2971 (alium
692 2902 732 2970 V)
792 2901 893 2956 eadem
958 2908 990 2956 13
1009 2902 1132 2959 helvium

133 2969 262 3024 helutum
325 2972 595 3042 16de“11s(deh1s
619 2973 659 3042 V)
725 2978 790 3026 18a
810 2973 1000 3042 septentrione
1064 2979 1098 3028 21
1117 2992 1134 3027 u

133 3039 268 3095 adserunt
340 3049 374 3096 23
394 3043 544 3106 aeditimus
612 3050 646 3098 29
666 2993 858 3114 comprenditp
861 3045 1089 3113 (comprehendit
1111 3044 1145 3112 V)

224 3182 399 3252 'lbipalioo
494 3185 615 3253 pedest
617 3202 699 3240 ernos
723 3185 811 3240 alium
833 3187 869 3240 ab
895 3185 952 3240 alio
976 3187 1073 3242 serito.
1109 3183 1146 3240 ibi

134 3255 280 3308 corrudam
309 3255 408 3322 serito,
435 3257 509 3310 unde
537 3255 671 3326 asparagi
695 3246 786 3312 fiant
813 3273 878 3310 nam
897 3255 1030 3312 convenit
1047 3257 1146 3312 harun-

134 3326 262 3405 dinatum
280 3342 343 3379 cum
363 3298 481 3381 eoiruda
500 3326 650 3394 Caroea
669 3333 687 3382 3
768 3327 958 3382 seondemo
1039 3334 1073 3382 13
1092 3328 1146 3384 hel·

106 3411 199 3518 Πιέἕιιιιιι
222 3396 344 3453 Plrirr'rrc
365 3403 425 3454 nat.
448 3397 514 3456 hist.
539 3398 630 3469 XIV,
650 3403 701 3455 146
803 3404 836 3453 18
864 3398 902 3453 ad
930 3400 1146 3468 septentrionem

159 3483 260 3522 sam
