2386 3742
118 123 160 186 14
533 121 718 178 VARRONIS

64 274 103 332 15
115 268 198 332 turis
213 267 327 332 vivunt
339 254 520 348 relaturam
535 266 648 332 facere.
686 265 791 350 (terte,
809 267 917 351 inquit
930 266 1131 351 Fundanius,

115 358 196 421 aliut
222 355 331 440 pastio
361 360 395 420 et
422 355 504 420 aliut
532 356 604 441 agri
632 356 772 442 cultura,
803 356 858 419 sed
886 355 1003 421 adfinis
1031 361 1065 421 ct
1092 361 1131 422 ut

19 490 26 500 ·
115 445 228 509 dextra
250 445 333 510 tibia
356 444 420 509 elia
443 466 540 527 quam
564 444 706 529 sinistra,
728 443 775 508 ita
797 447 834 508 ut
856 448 965 510 tamen
989 445 1033 510 sit
1052 467 1130 528 quo-

115 534 189 598 dam
208 534 304 599 modo
324 534 503 616 coniuncta,
522 533 607 616 quod
627 536 678 596 est
696 533 799 597 altera
818 532 961 598 eiusdem
975 533 1130 599 carminis

63 622 284 687 16modorum
316 622 500 724 'incentiva
538 621 643 685 altera
675 613 868 686 succentiva.
921 622 967 686 Et
999 622 1163 707 quideme

115 710 191 775 licet
209 710 371 794 adicias,
361 732 503 794 mquam,
526 714 694 793 pastorum
713 711 814 775 vitam
833 731 904 789 csse
923 711 1131 794 incentivam,

115 798 331 884 agricolarum
364 798 582 864 succentivam
616 801 746 863 auctore
778 799 966 864 doctissimo
995 799 1129 865 bomine

114 886 330 971 Dicaearcho,
357 870 414 972 qui
441 887 596 952 Graeciae
622 887 692 951 vita
715 886 820 970 qualis
842 887 943 952 fuerit
967 889 1008 952 ab
1031 888 1128 953 initio

113 977 223 1042 nobis
237 977 284 1041 ita
307 976 462 1059 ostendit,
489 978 526 1039 ut
554 974 798 1128 superioribus,
802 975 1004 1058 temporibus
1027 976 1129 1041 fuisse

114 1064 237 1148 doceat,
260 1086 333 1129 cum
356 1026 504 1129 homiries
523 1064 730 1149 pastoriciam
748 1064 852 1128 vitam
871 1068 1006 1149 agerent
1023 1086 1127 1148 neque
1140 1085 1161 1124 ιο

114 1154 235 1218 scirent
267 1154 366 1218 etiam
399 1169 491 1217 arare
526 1158 646 1216 terram
679 1155 736 1216 aut
768 1174 872 1217 serere
906 1154 1036 1218 arbores
1071 1157 1128 1219 aut

113 1247 243 1325 putare3
274 1243 315 1306 ab
338 1242 378 1306 iis
406 1241 558 1307 inferiore
582 1240 686 1327 gradu
709 1241 825 1305 aetatis
848 1245 1032 1325 susceptam
1056 1243 1128 1326 agri

97 1330 281 1397 culturam.
326 1330 478 1413 quocirca
510 1352 547 1394 ea
579 1329 717 1395 succinit
748 1329 907 1413 pastorali
938 1329 992 1412 [L]
998 1381 1007 1411 ,
1040 1331 1127 1415 quod

113 1423 163 1484 est
190 1419 336 1502 inferior,
366 1421 403 1483 ut
430 1419 513 1483 tibia
541 1418 717 1483 sinistraa
739 1419 872 1482 dextrae
904 1418 1127 1484 foraminibus.

7 1524 37 1626 Χ
62 1506 246 1593 17Agrius,
268 1508 330 1591 Tu,
354 1507 469 1590 inquit,
491 1506 613 1572 tibicen
635 1528 701 1571 non
726 1507 831 1571 solum
855 1506 971 1572 adimis
995 1507 1126 1572 domino
1140 1525 1162 1567 u

111 1618 219 1680 pecus,
242 1597 297 1660 sed
321 1596 418 1660 etiam
442 1595 545 1661 servis
568 1595 740 1678 peculium,
763 1595 881 1678 quibus
905 1595 1028 1660 domini
1047 1595 1127 1660 dant

112 1689 149 1749 t
112 1688 316 1769 pascant
341 1687 438 1768 atque
462 1684 561 1748 etiam
584 1683 674 1768 leges
697 1683 861 1748 colonicas
878 1684 1012 1767 tollis,
1003 1706 1038 1748 m
1057 1685 1127 1767 qui·

111 1773 173 1837 bus
201 1773 386 1856 scribimus,
418 1772 591 1838 colonus
582 1795 617 1837 m
644 1792 723 1856 agro
752 1771 931 1837 surculario
958 1793 999 1837 ne
1027 1795 1127 1856 capra

111 1866 226 1927 natum
243 1866 370 1945 pascat:
390 1884 469 1946 quas
488 1861 587 1926 etiam
607 1861 784 1946 astrologia
803 1861 838 1924 in
851 1860 978 1925 caelum
994 1862 1126 1945 recepit,

61 1954 177 2023 18n0n
210 1952 306 2035 longe
338 1950 378 2014 ab
410 1953 515 2015 tauro.
563 1947 623 2014 Oui
649 1947 849 2031 Fundanius,
882 1948 979 2032 Vide,
1010 1950 1125 2033 inquit,
1139 1968 1163 2008 ro

110 2061 161 2124 ne,
184 2037 275 2124 Agri,
297 2039 382 2104 istuc
406 2039 448 2103 sit
471 2038 512 2102 ab
536 2038 607 2122 hoc,
630 2060 703 2103 cum
725 2038 760 2101 in
782 2038 909 2122 legibus
928 2040 1027 2102 etiam
1048 2039 1125 2103 scri-

111 2127 208 2192 batur
236 2126 345 2211 ‘peous
374 2125 556 2211 quoddam'.
602 2126 760 2211 quaedam
785 2127 872 2191 enim
896 2126 1033 2210 pecudes
1057 2128 1126 2191 cul-

111 2219 204 2279 turae
228 2219 303 2279 sunt
325 2215 476 2299 inimicae
499 2237 536 2279 ao
558 2236 691 2299 veneno,
714 2217 752 2278 ut
774 2215 871 2299 istae,
899 2236 980 2298 quas
1004 2215 1127 2298 dixisti,

112 2325 238 2387 caprae.
283 2325 339 2368 eae
367 2304 454 2368 enim
482 2304 592 2367 omnia
618 2302 750 2367 novella
775 2307 848 2367 sata
870 2302 1031 2386 carpendo
1055 2324 1125 2368 cor·

60 2395 278 2475 19rumpunt,
315 2413 381 2456 non
416 2393 587 2456 minimum
618 2392 700 2455 vites
733 2395 829 2474 atque
862 2393 959 2456 oleas.
1013 2391 1126 2475 itaque
1139 2408 1164 2450 ιι

110 2485 284 2564 propterea
311 2481 498 2545 institutum
526 2480 654 2544 diversa
682 2481 721 2544 de
745 2501 841 2544 causa
868 2484 905 2544 ut
928 2502 966 2544 ex
990 2480 1126 2563 caprino

111 2590 226 2654 genere
255 2570 294 2633 ad
323 2570 380 2634 alii
410 2570 460 2634 dei
488 2591 578 2633 aram
606 2568 715 2633 hostia
742 2569 966 2650 adduceretur,
998 2567 1038 2632 ad
1068 2569 1126 2632 alii

111 2679 177 2722 non
206 2658 454 2741 sacrificaretur,
487 2679 577 2726 cum
592 2658 633 2721 ab
662 2657 773 2721 eodem
802 2656 876 2720 odio
905 2657 988 2720 alter
1014 2656 1126 2722 videre

110 2747 222 2828 nollet,
242 2747 324 2810 alter
343 2747 441 2810 etiam
460 2745 568 2810 videre
587 2748 775 2829 pereuntem
794 2745 902 2809 vellet.
935 2745 981 2809 sic
1000 2744 1125 2810 factum

111 2839 147 2897 ut
175 2796 291 2898 Libero
323 2840 426 2919 pat,
383 2835 411 2898 ri
456 2828 615 2916 repertori
647 2833 736 2917 vitis,
765 2834 848 2897 birci
879 2833 1164 2918 immolarentur,oo

200 3031 214 3078 1
234 3025 310 3079 uelat
298 3029 391 3079 turam
410 3025 590 3092 (cellaturam
614 3024 641 3078 V
656 3030 681 3079 et
698 3025 835 3079 uouuullu
853 3024 1023 3093 apographo,
1045 3025 1126 3078 uela-

109 3099 202 3150 turam
221 3098 279 3153 cod.
298 3097 365 3151 Por.
385 3113 446 3151 oum
464 3097 574 3166 optimis
592 3095 770 3165 apographis)
845 3102 876 3148 11
897 3094 970 3147 arari
1043 3101 1077 3148 13
1097 3098 1126 3150 ei
1159 3128 1164 3137 -

109 3168 229 3293 ἓιέοᾟίἰιιὲἰι
293 3166 463 3294 edbriirius'
539 3172 572 3220 17
592 3167 683 3234 adque
765 3170 798 3220 18
817 3169 1001 3234 necapratum
1022 3171 1128 3234 paseat

185 3402 220 3449 11
240 3413 325 3452 arare
340 3415 359 3455 u
372 3402 399 3454 et
416 3398 475 3454 cod.
494 3396 563 3453 Pur.
601 3401 635 3452 13
649 3411 685 3451 ea
697 3393 817 3449 succinit
835 3394 953 3450 Ursinus
989 3397 1024 3448 18
1037 3410 1166 3509 capra·¹

72 3464 181 3517 natum
210 3466 360 3528 Volaterras
437 3477 471 3528 23
493 3468 598 3528 dixisti
615 3468 763 3526 Iucundos
