2386 3742
144 111 185 175 18
502 143 506 150 -
560 108 746 164 VARRONIS

142 255 220 320 hinc
242 255 381 339 profecti
405 255 569 340 agricolae
589 255 727 320 adduas
746 258 848 318 metas
869 254 1009 341 dirigere
1028 256 1170 342 debent

144 344 184 408 ad
208 344 386 408 utilitatem
410 348 443 407 et
465 344 680 428 voluptatem.¹
713 343 840 408 utilitas
860 345 987 427 quaerit
1003 344 1158 430 fructum,

143 433 294 516 voluptas
318 433 581 498 delectationem:
604 432 729 516 priores
748 435 857 516 partes
882 433 952 517 agit
972 433 1057 516 quod
1076 434 1156 499 utile

111 525 206 602 2est,
239 543 336 605 quam
362 521 457 605 quod
485 522 631 586 delectat
675 542 735 585 nec
762 543 828 586 non
856 541 894 585 ea
922 543 1004 605 quae
1032 521 1157 587 faciunt
1189 522 1191 533 ⁴

141 611 269 674 cultura
290 610 513 674 honestiorem
537 631 660 696 agrum,
683 610 838 694 pleraque
860 630 926 673 non
945 610 1051 675 solum
1070 610 1154 676 fruc·
1176 631 1191 691 a

139 698 319 763 tuosiorem
352 699 463 763 eadem
496 698 634 782 faciunt,
666 702 703 762 ut
736 720 808 762 cum
835 697 871 761 in
899 697 1045 763 ordinem
1080 705 1157 764 sunt
1188 696 1191 703 ’

140 787 266 852 consita
289 787 423 852 arbusta
447 789 542 871 atque
562 788 691 869 oliveta,
712 787 770 851 'sed
789 787 888 850 etiam
908 787 1155 852 vendibiliorem

140 880 236 961 atque
265 875 408 941 adiciunt
439 875 479 941 ad
501 876 594 940 fundi
616 875 765 959 pretium.
811 896 908 940 nemo
932 876 1017 939 enim
1041 877 1155 941 eadem

139 964 277 1030 utilitati
298 988 366 1030 non
389 965 562 1029 formosius
587 965 673 1048 quod
696 967 747 1028 est
771 985 876 1028 emere
898 965 1022 1028 mavult
1040 965 1155 1049 pluris,

28 1099 31 1106 -
110 1062 236 1137 3quam
267 1054 293 1117 si
323 1057 373 1117 est
399 1053 584 1118 fructuosus
613 1053 729 1135 turpis.
775 1052 966 1117 utilissimus
991 1057 1103 1117 autem
1127 1055 1191 1121 isa

141 1163 218 1227 ager
249 1143 304 1226 qui
338 1141 500 1206 salubrior
531 1146 581 1205 est
609 1163 705 1225 quam
735 1141 806 1224 alii,
835 1140 924 1224 quod
954 1140 1001 1205 ibi
1027 1141 1154 1206 fructus
1189 1222 1191 1227 Ι

140 1234 260 1312 certus3
284 1235 398 1295 contra
422 1229 534 1313 [quod]
558 1231 592 1294 in
614 1230 779 1314 pestilenti
801 1229 980 1313 calamitas,
1004 1232 1153 1313 quamvis

138 1319 173 1382 in
196 1318 297 1382 feraci
320 1340 409 1403 agro,
433 1319 583 1383 colonum
608 1318 796 1382 adfractus
819 1319 986 1401 pervenire
1010 1340 1078 1383 non
1097 1342 1153 1403 pa·
1188 1346 1191 1355 ·

138 1409 227 1472 titur.
274 1408 394 1471 etenim
422 1407 479 1471 ubi
508 1407 593 1471 ratio
622 1429 695 1471 cum
724 1429 797 1471 orco
826 1406 979 1491 habetur,
1011 1407 1057 1471 ibi
1086 1430 1154 1473 non

138 1496 234 1560 modo
259 1496 383 1560 fructus
406 1499 457 1559 est
478 1496 636 1580 incertus,
664 1495 720 1559 sed
744 1496 842 1559 etiam
866 1495 1041 1560 colentium
1074 1497 1186 1562 vitan

138 1606 236 1668 quare
265 1585 322 1648 ubi
350 1585 526 1649 salubritas
554 1606 619 1648 non
648 1588 710 1667 est,
739 1584 866 1648 cultura
893 1606 959 1648 non
990 1584 1080 1648 aliud
1104 1590 1154 1649 est

106 1677 236 1757 datque
267 1673 339 1738 alea
366 1673 491 1738 domini
518 1672 602 1737 vitae
634 1695 671 1737 ac
693 1673 741 1736 rei
763 1673 944 1737 familiaris.
988 1693 1048 1736 nec
1071 1673 1153 1738 haec

135 1783 203 1827 non
234 1761 430 1827 deminuitur
458 1761 602 1826 scientia.
652 1761 699 1825 ita
727 1761 812 1825 enim
845 1760 1035 1843 salubritas,
1069 1784 1152 1846 quae

137 1851 265 1915 ducitur
289 1872 305 1914 e
329 1852 417 1915 caelo
443 1872 480 1915 ac
503 1856 599 1933 terra,
624 1872 690 1914 non
713 1849 820 1913 estin
842 1853 955 1913 nostra
977 1853 1152 1934 potestate,

137 1939 191 2003 sed
220 1939 254 2003 in
277 1938 434 2024 naturae,
462 1944 499 2004 ut
521 1943 632 2003 tamen
660 1938 798 2002 multum
822 1938 924 2002 sitin
946 1938 1055 2021 nobis,
1086 1960 1185 2023 quoa

136 2029 285 2113 graviora
314 2051 396 2112 qnae
426 2033 502 2093 sunt
530 2050 567 2092 ea
595 2027 763 2111 diligentia
789 2027 914 2091 leviora
941 2027 1046 2091 facere
1078 2050 1152 2111 pos·

136 2119 245 2181 simus.
292 2119 413 2181 etenim
442 2118 470 2180 si
499 2120 635 2200 propter
661 2125 782 2179 terram
811 2119 867 2179 aut
895 2119 1017 2198 aquam'
1043 2116 1152 2201 odore,

135 2228 230 2289 quem
255 2205 365 2289 aliquo
389 2206 461 2290 loco
486 2208 619 2287 eructat,
642 2204 846 2287 pestilentior
870 2207 921 2268 est
941 2203 1070 2288 funduS,
1095 2210 1152 2270 aut

133 2298 268 2378 propter
296 2294 377 2358 caeli
404 2293 570 2378 regionem
600 2313 677 2377 ager
705 2293 840 2357 calidior
869 2293 924 2374 sit,
953 2296 1009 2357 aut
1031 2297 1150 2358 ventus

133 2403 199 2446 non
231 2383 336 2446 bonus
368 2382 433 2466 flet,
464 2382 544 2446 haec
576 2381 657 2446 vitia
688 2381 852 2445 emendari
884 2381 991 2445 solent
1024 2381 1185 2468 dominia

134 2471 269 2535 scientia
293 2493 330 2535 ac
354 2476 493 2554 sumptu,
518 2470 603 2555 quod
625 2470 794 2554 permagni
818 2470 964 2553 interest,
994 2469 1056 2533 ube
1082 2471 1152 2535 sint

132 2560 259 2642 positae
282 2560 394 2644 villae,
425 2565 565 2644 quantae
590 2559 672 2643 sint,
701 2580 763 2642 quo
789 2562 936 2642 spectent
958 2559 1150 2640 porticibus

103 2649 226 2713 bestiis
251 2671 287 2713 ac
311 2649 472 2712 fenestris.
518 2670 562 2712 an
588 2670 655 2712 non
682 2647 738 2710 ille
761 2646 977 2732 Hippocrates
1001 2646 1149 2712 medicus

133 2737 166 2800 in
199 2757 320 2821 magna
352 2737 541 2821 pestilentia
572 2757 639 2800 non
670 2757 770 2799 unum
803 2756 927 2820 agrum,
959 2735 1014 2799 sed
1042 2737 1150 2800 multa

79 2844 81 2848 ·
134 2825 254 2908 oppida
277 2825 413 2890 scientia
437 2825 600 2890 servavit?
633 2824 688 2888 sed
713 2824 788 2907 quid
812 2845 872 2909 ego
893 2825 985 2888 illum
1006 2845 1085 2889 voco
1105 2825 1185 2889 adso

132 2913 380 2979 testimonium?
416 2935 482 2979 non
512 2915 566 2978 hic
593 2913 698 2978 Varro
727 2915 852 2995 noster,
885 2935 958 2977 cum
987 2909 1150 2996 Corcyrae

134 3006 220 3068 esset
253 3003 411 3068 exercitus
444 3025 481 3068 ac
514 3003 626 3068 classis
660 3006 692 3066 et
719 3023 831 3066 omnes
859 3001 973 3066 domus
1003 3002 1150 3084 repletae

220 3176 443 3231 diruetuosiora
502 3183 534 3231 17
555 3177 628 3247 alea]
648 3176 705 3230 alia
767 3181 800 3231 19
819 3175 923 3230 dicitnr
955 3181 1010 3229 '22
1030 3174 1150 3232 odorem

132 3253 165 3302 25
185 3248 245 3320 flet]
264 3249 314 3303 fiet
386 3254 420 3303 27
440 3248 570 3317 spectant
607 3328 613 3340 N
642 3253 675 3302 28
695 3246 795 3301 hostiis

213 3395 233 3443 5
249 3389 470 3446 fructuosiorem
488 3390 610 3445 eundem
627 3405 644 3446 v
717 3393 750 3444 17
770 3353 867 3445 aleae
946 3393 978 3442 19
998 3387 1112 3443 ducitur
1130 3407 1149 3444 o

103 3462 146 3510 25
161 3457 218 3513 det
235 3477 253 3514 c
328 3469 368 3518 27
385 3463 557 3534 spectante
