2386 3742
139 111 201 176 158
554 111 740 168 VARRONIS

137 261 169 322 ct
187 258 309 342 frigore
327 256 432 321 hieme
449 261 484 321 et
504 260 627 322 aestate
646 259 751 322 calore
770 257 1053 323 vehementissime
1071 259 1142 324 baec

136 350 376 411 conmoventur.
422 367 522 410 verno
549 349 696 430 tempore
725 350 758 410 ct
789 347 913 411 aestivo
941 346 1010 411 fere
1040 351 1090 412 ter
1113 347 1142 411 in

135 456 245 499 mense
272 434 439 501 mellarius
466 435 624 517 inspicere
652 434 746 499 debet
769 435 931 519 fumigans
954 435 1074 500 leniter
1095 457 1142 500 eas

136 527 169 586 et
197 523 237 586 ab
266 522 428 607 spurcitiis
455 543 595 608 purgare
624 524 733 587 alvum
761 527 794 587 et
824 524 1016 589 vermiculos
1040 525 1142 589 eicere.

84 614 302 712 18practerea
329 615 365 675 nt
392 611 629 676 animadvertat
656 632 697 676 ne
724 612 829 696 reguli
856 612 966 696 plures
990 613 1171 677 existantrs
1185 616 1187 623 '

135 700 206 765 inut
192 701 267 764 tiles
290 701 376 764 enim
400 700 481 764 fiunt
503 703 601 784 propt
603 721 637 764 er
587 699 843 765 tseditiones
890 702 989 782 [cum]
1021 705 1054 765 et
1082 700 1144 785 qui·
1185 726 1187 739 ·

135 788 210 853 dam
239 789 404 872 dicunt‚t
389 788 455 853 tria
482 809 601 873 genera
628 810 700 853 cum
729 789 795 852 sint
818 788 971 853 ducum
961 811 996 852 ιιι
1026 789 1145 892 apibus,

134 879 228 962 niger
251 877 347 942 ruber
370 876 493 978 varius,
522 880 559 940 ut
581 875 745 942 Menecrat
731 880 781 941 tes
806 877 918 941 scribit
904 878 1030 961 t‚du0‚
1057 878 1145 962 niger

135 968 168 1030 et
195 966 318 1048 varius,
346 965 402 1049 qui
424 966 472 1030 ita
495 965 624 1050 melior,
649 968 687 1029 ut
710 964 860 1049 expediat
882 964 1048 1050 messario,
1076 987 1144 1031 cum

135 1056 198 1119 duc
228 1055 293 1118 sint
319 1053 489 1118 iraeadem
519 1055 606 1136 alvo,
633 1054 812 1119 interficere
834 1053 978 1138 nigrum,
1007 1076 1082 1119 cum
1104 1055 1172 1119 situ

135 1164 208 1207 cum
227 1144 330 1207 altero
350 1161 435 1226 rege,
458 1163 528 1207 esse
547 1142 737 1207 seditiosum
756 1147 789 1207 et
808 1163 1012 1226 corrumpere
1032 1143 1144 1226 alvom,

83 1240 122 1298 19
135 1231 219 1315 quod
242 1231 334 1314 fuget
358 1234 414 1294 aut
436 1251 509 1295 cum
532 1231 740 1295 multitudine
763 1230 903 1315 fugetur.
949 1231 987 1295 de
1013 1231 1144 1314 reliquis

134 1319 248 1402 apibus
272 1319 397 1403 optima
420 1322 470 1382 est
498 1341 599 1403 parva
632 1319 721 1383 varia
742 1318 892 1383 rutunda.
937 1318 989 1382 fur
1013 1320 1070 1404 qui
1093 1341 1142 1385 vo·

134 1407 269 1489 cabitur,
292 1408 333 1472 ab
358 1407 430 1471 aliis
453 1408 553 1490 fucus,
578 1410 628 1471 est
651 1412 721 1472 ater
744 1411 776 1470 et
796 1408 864 1473 lato
883 1410 1005 1472 ventre.
1040 1429 1144 1492 vespe,

134 1518 216 1580 quae
240 1494 484 1560 similitudinem
506 1496 608 1560 habet
630 1496 710 1580 apis,
731 1517 835 1580 neque
859 1495 948 1560 socia
969 1500 1020 1561 est
1039 1496 1143 1581 operis
1154 1513 1173 1555 ιι

134 1588 166 1648 et
189 1605 305 1648 nocere
325 1585 408 1649 solet
425 1606 546 1668 morsu,
569 1606 667 1668 qnam
686 1605 763 1667 apes
783 1606 802 1648 a
821 1605 854 1648 se
874 1588 1055 1649 secernunt.
1085 1585 1144 1648 bac

133 1673 285 1738 diffamat
312 1673 397 1736 inter
425 1694 472 1774 se,
500 1673 576 1756 quia
603 1672 691 1736 ferae
721 1676 754 1736 et
782 1672 904 1737 cicures
930 1676 1016 1737 sunt.
1061 1693 1144 1737 nnnc

132 1760 218 1825 feras
238 1762 318 1845 dico,
342 1761 475 1845 quaein
495 1760 699 1826 silvestribus
718 1761 797 1825 locis
816 1761 990 1844 pascitant‚
1014 1761 1144 1844 cicures,

132 1871 214 1933 quae
237 1849 273 1913 in
300 1849 404 1914 cultis.
452 1850 618 1914 silvestres
647 1850 787 1914 minores
817 1852 892 1913 sunt
920 1853 1049 1934 magn1t
1025 1849 1144 1914 tudine

132 1942 165 2002 et
187 1938 321 2022 pilosae,
344 1938 398 2001 sed
423 1938 553 2022 opifices
577 1925 723 2022 magis'
1154 1957 1175 1998 u

220 2025 259 2113 In
283 2026 418 2091 emendo
442 2030 621 2110 emptorem
646 2026 752 2090 videre
776 2028 918 2109 oportet,
946 2025 1080 2090 valeant
1104 2047 1143 2089 an

80 2115 198 2182 20sint
230 2109 355 2199 aegrae.
406 2115 557 2180 sanitat1s
590 2115 693 2200 signa,
726 2115 753 2178 si
787 2118 862 2178 sunt
893 2113 1080 2197 frequentes
1111 2113 1143 2177 in

132 2204 278 2267 examine
311 2207 344 2268 et
376 2203 403 2267 si
435 2203 556 2267 nitidae
591 2207 623 2267 et
655 2204 683 2267 si
716 2224 796 2286 opus
828 2202 913 2287 qnod
940 2202 1067 2266 faciunt
1096 2204 1143 2266 est

132 2291 301 2373 aequabile
333 2313 370 2355 ac
401 2293 480 2356 leve.
526 2292 633 2356 minus
660 2291 839 2355 valentium
872 2291 979 2375 signa,
1013 2290 1041 2354 si
1071 2294 1143 2354 sunt

131 2379 255 2461 pilosae
279 2383 311 2443 et
334 2378 498 2465 horridae,
528 2384 565 2444 ut
586 2380 840 2464 pulverulentae,
866 2379 931 2443 nisi
954 2379 1066 2461 opifici
1090 2397 1176 2443 casa

131 2472 226 2552 urget
248 2471 390 2552 tempus:
422 2473 492 2533 turn
517 2470 602 2533 enim
625 2472 758 2551 propter
781 2467 925 2533 laborem
950 2470 1143 2550 asperantur

78 2567 118 2623 21
131 2578 168 2620 ac
192 2562 402 2622 marcescunt.
438 2558 465 2621 si
484 2556 727 2622 transferendae
747 2560 823 2620 sunt
842 2557 960 2637 [alvos]
985 2557 1019 2620 in
1043 2556 1144 2620 alium

130 2645 246 2723 locum,
269 2645 302 2709 id
325 2646 431 2710 facere
455 2645 627 2730 diligenter
646 2649 775 2728 oportet
793 2647 826 2708 et
844 2648 1001 2728 tempora,
1024 2644 1144 2726 quibus

129 2733 162 2796 id
186 2732 392 2816 potissimum
419 2735 533 2817 facias,
562 2731 881 2798 animadvertendum
905 2736 938 2797 et
964 2733 1050 2816 loca,
1081 2752 1144 2817 quo

129 2823 321 2905 transferas,
352 2823 469 2888 idonea
499 2822 747 2907 providendum:
784 2826 942 2905 tempora,
974 2823 1011 2884 ut
1042 2841 1180 2885 vernoac

220 2978 336 3085 lhaec]
355 3014 401 3068 hic
438 3013 539 3068 3leuit
540 3031 569 3067 er
610 3012 768 3068 9mellaria
805 3012 860 3065 10
852 3031 882 3066 rn
896 3028 945 3067 cm.
985 3016 1018 3065 13
1034 3013 1145 3094 optima

129 3088 263 3165 etparua
326 3090 359 3139 14
378 3089 420 3140 est
408 3084 512 3140 talter
530 3087 573 3138 est
591 3084 650 3138 lato
706 3089 738 3138 17
758 3084 837 3154 quia]
857 3098 930 3152 quae
992 3086 1024 3135 18
1045 3082 1097 3151 qni
1114 3084 1145 3138 in

129 3154 305 3210 siluestribus
378 3162 410 3212 18
429 3159 494 3226 past
482 3156 569 3210 titant
587 3154 741 3225 (pascitant
764 3154 802 3225 V)
875 3159 910 3208 25
929 3151 1034 3223 opificii

219 3322 231 3369 1
252 3318 306 3370 hae
329 3317 370 3369 cet
392 3316 462 3370 haec
483 3315 617 3370 Gesauas
689 3320 704 3368 9
728 3312 901 3368 melliariou
974 3316 1008 3365 13
1033 3313 1146 3383 optima

115 3389 164 3440 est
186 3403 281 3457 parua
309 3389 461 3446 Iracundus
534 3392 570 3442 11
592 3388 653 3442 ater
682 3385 803 3454 Scaliger
875 3387 909 3438 18
937 3397 1009 3451 quae
1035 3383 1068 3438 in
1096 3384 1145 3439 sil·

102 3459 255 3517 rostribus
273 3479 327 3519 mv
