2386 3742
114 121 178 184 156
523 119 711 175 VARRONIS

111 264 191 329 belli
218 264 350 330 habent.
401 264 469 350 sed,
497 286 516 330 o
544 264 681 348 Merula,
709 265 812 329 Axius
834 266 948 329 noster
971 285 1022 349 ne,
1053 264 1119 328 dum

111 352 192 418 haec
215 353 306 418 audit
327 353 472 437 physica,
500 356 691 432 marcescat,
723 353 808 437 quod
838 353 876 416 de
905 353 1017 418 fructu
1046 351 1121 418 nihil

112 440 187 526 dixi,
209 463 297 506 nunc
320 464 414 507 cursu
437 441 588 527 lampada
610 443 677 506 tibe
700 441 805 507 trade.

60 541 102 600 10
200 528 334 610 Merula,
358 529 407 594 De
425 531 542 613 fructu,
565 531 682 615 inquit,
699 530 762 595 hcc
781 530 863 613 dico,
881 529 968 613 quod
986 529 1121 594 fortasse

113 639 154 682 an
181 618 243 683 tibi
271 619 351 684 satis
380 619 435 702 sit,
464 617 541 701 Axi,
576 620 611 682 in
642 640 705 704 quo
736 622 900 683 auctorem
926 617 1035 683 habeo
1062 637 1149 683 noue

84 732 86 736 ·
112 706 217 771 solum
240 706 361 792 Seium,
386 708 441 791 qui
465 706 588 773 alvaria
612 729 670 772 sua
695 708 803 772 locata
827 706 927 771 habet
953 705 1123 790 quotannis

112 796 219 879 quinis
238 796 369 860 milibus
389 796 497 880 pondo
516 796 632 880 mellis,
651 795 706 860 sed
726 796 825 860 etiam
845 795 931 859 hunc
944 794 1124 860 Varronem

110 887 268 968 nostrum,
287 905 382 968 quem
399 885 508 949 audivi
524 883 683 948 dicentem
703 884 765 948 duo
784 884 903 948 milites
924 904 958 947 se
975 883 1124 948 habuisse

111 972 144 1035 in
173 972 335 1057 Hispania
366 973 484 1037 fratres
517 971 672 1037 Veianius
705 994 744 1036 ex
777 993 856 1057 agro
884 970 1014 1036 Falisco
1042 973 1124 1036 locu·

111 1062 217 1144 pletis,
241 1060 358 1145 quibus
382 1082 455 1125 cum
479 1083 498 1125 a
521 1064 614 1145 patre
637 1060 754 1126 relicta
772 1065 858 1125 esset
877 1082 980 1143 parva
999 1060 1077 1125 villa
1094 1061 1123 1123 et
1134 1081 1152 1122 u

112 1150 237 1232 agellus
260 1171 326 1215 nou
347 1171 425 1214 sane
443 1149 548 1214 maior
566 1150 679 1234 iugero
697 1171 771 1231 uno,
794 1149 855 1214 hos
874 1149 996 1214 circum
1015 1149 1124 1213 villam

111 1240 218 1301 totam
241 1237 365 1302 alvaria
391 1238 507 1302 fecisse
535 1241 567 1302 et
583 1237 726 1303 ¹hortum
755 1237 908 1303 habuisse
932 1259 969 1301 ac
993 1237 1124 1302 relicum

114 1325 230 1408 thymo
255 1330 288 1390 et
312 1326 417 1410 cytiso
442 1327 609 1408 opsevisse
633 1331 666 1391 et
688 1327 848 1410 apiastro,
872 1325 958 1409 quod
982 1326 1039 1390 alii
1062 1347 1124 1389 me-

111 1413 281 1499 liphyllon,
320 1415 375 1478 alii
416 1414 700 1498 melissophyllum,
739 1416 871 1499 quidam
902 1414 1125 1479 melittaenam

60 1515 99 1571 11
113 1504 289 1586 appellant.
316 1504 377 1568 hos
397 1525 575 1587 numquam
594 1503 709 1587 minus,
731 1507 768 1567 ut
785 1524 945 1587 peraeque
964 1503 1125 1585 ducerent,
1136 1522 1154 1564 a

113 1591 194 1656 dena
229 1591 322 1656 milia
354 1592 504 1656 sestertia
537 1613 576 1655 ex
605 1593 702 1657 melle
731 1593 873 1675 recipere
904 1613 975 1655 esse
1004 1591 1125 1673 solitos,

112 1701 185 1745 cum
215 1680 358 1744 dicerent
386 1680 468 1745 velle
493 1685 674 1765 expectare,
706 1683 743 1744 ut
767 1702 825 1745 suo
848 1680 958 1764 potius
982 1683 1126 1764 tompore

112 1771 326 1834 mercatorem
358 1768 581 1853 admitterent,
613 1790 710 1853 quam
741 1768 878 1834 celerius
906 1768 1023 1833 alieno.
1068 1767 1127 1839 Dio

111 1856 223 1940 igitur,
252 1857 365 1941 inquit,
399 1858 455 1923 ubi
482 1861 515 1922 et
543 1857 633 1922 cuius
664 1856 752 1921 modi
775 1879 825 1921 me
848 1857 954 1922 facere
977 1860 1126 1942 oporteat

61 1945 280 2029 malvanum,
302 1949 339 2010 ut
362 1967 499 2030 magnos
522 1946 649 2029 capiam
672 1945 806 2010 fructus.
847 1945 916 2028 Ille,
939 1944 1157 2019 Melittonasa

112 2034 159 2097 ita
192 2034 297 2100 facere
330 2037 470 2119 oportet,
503 2056 584 2118 quos
617 2034 672 2098 alii
705 2033 914 2119 melitrophia
952 2035 1126 2118 appellant,

56 2167 58 2171 ι
112 2121 244 2187 eandem
281 2144 350 2186 rem
388 2123 519 2207 quidam
555 2123 712 2187 mellaria.
771 2124 912 2207 primum
952 2123 1126 2187 secundum

112 2210 225 2275 villam
253 2211 473 2296 potissimum,
505 2211 562 2276 ubi
593 2232 660 2278 nou
693 2215 845 2276 resonent
871 2211 1033 2295 imagines
1062 2210 1125 2295 (hio

112 2298 198 2362 enim
232 2309 328 2363 sonu's
360 2299 476 2364 harum
508 2300 605 2385 fugae
639 2299 844 2364 existimatur
871 2320 942 2363 esse
969 2301 991 2380 †
1018 2320 1127 2383 proce

111 2386 210 2471 rum),
234 2409 303 2452 esse
328 2392 457 2472 oportet
480 2410 553 2454 aere
577 2390 637 2469 [et]
662 2392 853 2472 temperato,
875 2409 980 2471 neque
1004 2391 1160 2457 aestates

110 2476 237 2542 fervido
265 2498 368 2562 neque
394 2477 502 2542 hieme
529 2499 596 2542 non
624 2475 748 2561 aprico,
780 2481 817 2540 ut
845 2478 970 2560 spectet
998 2476 1128 2560 potissi-

112 2587 201 2629 mum
232 2565 272 2630 ad
299 2565 453 2631 hibernos
482 2570 589 2649 ortus,
625 2565 680 2649 qui
707 2585 809 2650 prope
842 2586 877 2629 se
907 2565 981 2630 loca
1006 2565 1130 2629 habeat

60 2665 100 2722 13
113 2675 159 2738 ca,
187 2653 243 2718 ubi
270 2655 427 2737 pabulum
456 2654 499 2718 sit
526 2654 679 2738 frequens
710 2657 742 2718 et
770 2675 855 2739 aqua
883 2675 974 2738 pura.
1021 2653 1051 2717 si
1074 2676 1128 2738 pa·

111 2742 224 2807 bulum
252 2744 401 2807 naturale
423 2764 491 2806 non
515 2746 577 2825 est,
605 2764 642 2807 ea
671 2745 801 2825 oportet
823 2742 991 2807 dominum
1014 2763 1129 2826 serere,

203 2934 362 2989 lhabeant
430 2934 477 2989 axi
540 2933 721 3004 aphysicam
740 2934 867 2990 achiscat
929 2933 1053 3006 annuc]
1073 2951 1130 2990 non

112 3002 257 3074 linquid
330 3004 468 3060 tsscium
488 3021 537 3061 cm.
607 3005 783 3074 quodannis
861 3003 1021 3060 tueianios
1041 3005 1130 3073 (uela-

111 3076 172 3131 uios
190 3077 352 3146 apoprapta
369 3077 530 3144 recentiora)
574 3082 606 3131 12
622 3077 760 3130 aluariam
802 3080 834 3129 13
854 3073 965 3144 cythiso
1012 3081 1048 3128 14
1073 3093 1131 3130 me·

111 3146 272 3219 littaenam]
292 3147 435 3202 mellinum
491 3154 523 3202 17
539 3163 602 3200 cum
621 3146 759 3218 dicerent]
780 3164 843 3201 cum
862 3147 902 3201 eis
921 3149 950 3201 et
1003 3151 1040 3200 20
1059 3148 1129 3201 mel-

111 3216 216 3273 litones
288 3224 322 3272 22
342 3218 472 3290 eandem]
492 3219 591 3273 ecdem
663 3223 696 3273 27
716 3234 787 3287 quae

190 3401 207 3450 1
237 3396 349 3455 tabent
374 3395 559 3456 samaeus
638 3393 723 3450 anus
747 3412 763 3450 u
837 3400 853 3447 8
879 3409 954 3448 uunc
980 3394 1132 3452 Iucundum

82 3470 124 3518 22
143 3469 269 3528 eandem
290 3490 353 3531 rem
374 3490 424 3532 mo
464 3475 501 3530 25
521 3486 589 3528 aere
607 3469 806 3539 temperatos
839 3469 875 3517 ‘tt
895 3463 947 3529 cpi
960 3463 1103 3522 (iem
