2386 3742
327 111 458 182 aunvu
475 125 711 183 avenionum
729 126 796 182 ura.
816 127 829 179 1
848 132 862 180 1
1078 126 1099 190 9

84 293 213 350 maeus,
254 270 453 356 Agathocles
491 271 605 355 Chius,
640 272 833 356 Apollonius
870 271 1100 358 Pergamenus,

84 360 301 435 Aristandros
323 358 549 443 Atheniensis,
573 360 730 426 Bacchius
754 361 917 445 Milesius,
941 360 1024 425 Bion
1043 360 1099 426 So-

85 450 171 532 leus,
200 446 413 513 Chaeresteus
442 452 474 512 et
496 446 657 513 Chaereas
681 449 909 532 Athenienses,
936 448 1099 516 Diodorus

85 537 257 622 Prieneus,
290 537 376 602 Dion
409 535 645 620 Colophonius,
680 536 867 622 Diophanes
901 537 1100 623 Nicaeensis,

58 625 252 710 aHpigenes
279 624 439 709 Rhodius,
469 625 608 711 Euagon
636 626 789 711 Thasius,
816 626 1000 715 Euphronii
1029 627 1101 711 duo,

86 737 173 779 unus
196 714 415 794 Atheniensis,
437 715 516 779 alter
537 715 787 799 Amphipolites,
809 714 970 800 Hegesias
993 715 1099 781 Maro·

87 803 185 888 nites,
207 801 377 867 Menandri
397 804 469 886 duo,
492 826 575 868 unus
594 803 759 882 Prieneus,
782 805 865 869 alter
882 804 1100 889 Heracleotes,

86 891 238 957 Nicasius
270 890 463 974 Maronites,
500 891 642 976 Pythion
677 891 834 958 Rhodius.
884 893 922 957 de
959 893 1100 976 reliquis,
1134 901 1151 956 9

88 1001 226 1063 quorum
245 1002 327 1063 quae
345 980 445 1043 fuerit
462 981 569 1064 patria
586 1003 653 1046 non
673 982 791 1066 accepi,
815 985 891 1046 sunt
910 982 1101 1065 Androtion,

41 1096 72 1135 ιο
88 1068 285 1152 Aeschrion,
308 1068 547 1152 Aristomenes,
569 1069 811 1155 Athenagoras,
836 1068 964 1146 Crates,
990 1070 1100 1149 Dadis,

83 1156 274 1241 -Dionysios,
291 1156 470 1240 Euphiton,
487 1157 689 1241 Euphorion,
707 1159 864 1242 Eubulus,
878 1159 1100 1242 Lysimachus,

83 1246 248 1330 Mnaseas,
261 1245 491 1331 Menestratus,
504 1246 745 1331 Plentiphanes,
759 1246 877 1329 Persis,
892 1246 1100 1331 Theophilus.

85 1335 123 1399 hi
141 1355 222 1418 quos
242 1333 309 1398 dixi
327 1356 439 1399 omnes
454 1335 561 1399 soluta
575 1335 723 1399 oratione
739 1335 952 1419 seripserunt;
972 1337 1101 1401 easdem

85 1444 140 1488 res
155 1423 253 1487 etiam
268 1423 400 1507 quidam
414 1423 569 1506 versibus,
584 1427 621 1487 ut
633 1423 795 1489 Hesiodus
810 1424 982 1506 Ascraeus,
995 1424 1102 1488 Mene·

40 1536 73 1578 15
89 1516 198 1576 crates
221 1511 392 1595 Ephesius.
428 1511 489 1575 hos
510 1511 680 1576 nobilitate
703 1511 802 1596 Mago
822 1511 1101 1597 Carthaginiensis
1114 1519 1156 1577 10

85 1600 266 1685 praeteriit,
287 1601 423 1684 poenica
446 1601 559 1684 lingua
580 1601 635 1682 qui
654 1622 705 1664 res
726 1601 888 1684 dispersas
908 1601 1100 1686 conprendit

86 1689 182 1753 libris
205 1707 320 1771 xxrrx,
348 1710 428 1771 quos
452 1685 582 1752 Cassius
609 1687 788 1772 Dionysius
814 1688 978 1754 Uticensis
1002 1692 1102 1754 vertit

87 1777 184 1842 libris
207 1795 256 1841 xx
279 1799 316 1842 ac
340 1797 457 1862 graeca
479 1776 592 1862 lingua
615 1774 751 1842 Sextilio
776 1780 920 1860 praetori
942 1779 1043 1842 misit:
1067 1780 1100 1841 in

88 1888 173 1950 quae
197 1865 361 1931 volumina
384 1864 571 1949 degraecis
599 1865 692 1930 libris
716 1861 827 1930 eorum
852 1888 933 1949 quos
957 1867 1023 1930 dixi
1046 1867 1100 1930 ad·

38 1979 72 2019 ao
86 1955 167 2019 iecit
192 1975 258 2019 non
272 1975 388 2038 ,pauca
411 1956 444 2017 et
467 1953 507 2016 de
529 1952 680 2037 Magonis
705 1953 846 2036 dempsit
871 1954 978 2018 instar
1001 1953 1101 2018 libro-

85 2064 161 2107 rum
184 2061 256 2108 vm.
300 2042 398 2106 hosce
430 2042 519 2125 ipsos
551 2043 678 2106 utiliter
709 2043 750 2106 ad
777 2061 815 2106 vr
842 2043 945 2107 libros
977 2043 1102 2127 redegit

86 2131 277 2215 Diophanes
304 2130 339 2194 in
365 2129 525 2213 Bithynia
552 2133 585 2194 et
613 2131 703 2195 misit
729 2131 883 2196 Deiotaro
914 2131 1001 2215 regis
1038 2152 1101 2215 quo
1114 2143 1153 2199 11

38 2220 70 2237 “
86 2219 219 2285 brevius
243 2219 281 2282 de
304 2240 343 2283 ea
365 2240 400 2282 re
424 2240 524 2283 conor
546 2219 651 2283 tribus
674 2220 766 2284 libris
786 2241 954 2304 exponere,
977 2241 1042 2284 uno
1062 2220 1101 2284 de

54 2373 57 2377 .
87 2308 161 2392 agri
184 2308 319 2391 cultura,
343 2308 445 2371 altero
470 2308 565 2371 dere
588 2309 748 2390 pecuaria,
772 2310 871 2375 tertio
891 2308 1102 2373 de'villaticis

40 2419 73 2461 aa
86 2395 307 2480 pastionibus,
338 2395 401 2459 hoc
432 2395 517 2460 libro
551 2396 747 2460 circumcisis
779 2396 890 2480 rebus,
922 2418 1005 2480 quae
1036 2418 1102 2461 non

89 2485 235 2549 arbitror
270 2483 434 2567 pertinere
467 2484 508 2547 ad
541 2485 613 2570 agri
646 2485 813 2549 culturam.
866 2486 977 2567 itaque
1012 2485 1102 2567 prius

87 2573 273 2656 ostendam,
300 2593 382 2656 quae
410 2573 533 2637 secerni
560 2576 710 2656 oporteat
738 2573 779 2637 ab
800 2595 859 2656 ea,
886 2577 957 2637 tum
985 2573 1023 2636 de
1049 2573 1102 2637 his

86 2662 186 2727 rebus
214 2660 319 2725 dicam
348 2682 484 2744 sequens
512 2661 677 2725 naturales
705 2662 889 2726 divisiones.
942 2684 980 2726 ea
1008 2665 1102 2725 erunt

83 2773 128 2815 ex
145 2748 310 2814 radicibus
328 2749 433 2830 trinis,
452 2753 485 2813 et
503 2771 585 2833 quae
603 2751 673 2833 ipse
692 2751 727 2813 in
745 2750 826 2814 meis
844 2749 953 2814 fundis
968 2750 1101 2814 colendo

44 2862 73 2902 ao
88 2836 312 2919 animadverti,
335 2842 367 2902 et
390 2859 471 2921 quae
494 2838 569 2921 legi,
592 2845 625 2902 et
648 2860 730 2921 quae
755 2861 774 2902 a
797 2839 911 2922 peritis
936 2839 1033 2903 audii.

178 2924 372 2991 Sementivis
400 2925 490 2990 feriis
518 2927 552 2990 in
575 2926 687 2991 aedem
715 2926 852 2992 Telluris
875 2949 1027 2991 veneram
1051 2948 1100 2989 ro·
1116 2943 1142 2996 11

177 3104 195 3153 4
213 3098 380 3168 priennaeus
453 3104 468 3153 5
487 3097 602 3154 rhodios
678 3100 767 3155 tasius
786 3101 935 3170 euphranii
957 3102 1011 3154 duo
1030 3117 1102 3153 unus

85 3168 261 3226 atheniensis
280 3169 480 3240 amphipolites
532 3169 687 3240 iprieneis
711 3174 888 3241 (priennaeus
907 3171 946 3240 V)
1001 3176 1033 3224 11
1056 3185 1102 3224 eo·

84 3241 207 3312 pharion
244 3246 278 3295 15
292 3239 442 3296 nobilitate
457 3240 617 3308 (nobilitate
625 3242 697 3312 Pol.)
734 3248 767 3296 16
780 3241 919 3311 phoenica
955 3241 1102 3311 qui]qnod

177 3398 366 3469 tEuphronii
390 3391 575 3459 Schneiderua
676 3401 790 3459 talter
813 3401 883 3458 odd.
899 3416 919 3455 a
938 3405 964 3454 ct
989 3400 1128 3449 corrector

81 3472 186 3526 eodm
198 3469 364 3525 Horente'm'
435 3478 468 3528 11
491 3473 666 3548 Euphorion
683 3494 702 3534 o
