2386 3742
129 121 172 186 56
548 119 745 192 vsaaomsr

93 280 96 286 ’
128 268 236 332 tarda:
259 268 293 331 in
316 267 379 332 hoc
402 266 488 331 enim
507 266 667 331 umidiore
685 288 783 352 quam
802 264 951 332 aridiora.
974 303 1020 314 -
1045 289 1138 352 qnare
1182 288 1184 303 ¹

129 378 167 420 ex
189 361 278 420 terra
300 355 410 440 potius
434 357 467 419 in
491 356 675 420 seminariis
699 356 843 420 surculos
868 354 907 418 de
925 355 1021 421 ficeto
1045 379 1138 441 quarn
1182 424 1184 431 ,

129 465 233 530 grana
261 445 299 508 de
327 444 388 508 fico
417 445 546 527 expedit
574 445 722 528 obruere,
754 447 883 527 praeter
913 444 940 508 si
970 445 1068 510 aliter
1089 467 1139 510 ne·
1182 468 1184 519 f

129 555 244 618 queas,
271 537 308 598 ut
336 533 494 617 siquando
524 533 595 617 quis
623 537 715 597 trans
743 554 832 597 mare
861 533 986 598 semina
1013 535 1139 599 mittere

129 627 185 686 aut
208 623 281 686 inde
305 625 416 706 petere
439 622 519 687 vult.
560 625 629 686 tum
654 622 739 686 enim
761 622 948 687 resticulam
973 644 1032 705 per
1056 623 1168 708 ficosa

129 733 209 795 quas
225 710 358 794 edimus,
380 714 524 775 maturas
539 714 710 794 perserunt
725 715 757 775 et
772 732 835 794 eas,
857 732 929 774 oum
943 710 1140 796 inaruerunt,

129 801 317 883 conplicant
341 822 378 865 ac
402 822 464 884 quo
488 800 604 864 volunt
626 800 771 884 mittunt,
791 798 851 863 ubi
875 800 1011 880 obrutae
1034 800 1071 865 in
1097 823 1140 866 se·

99 889 267 954 dminario
298 889 436 972 pariant.
483 888 530 952 sio
560 909 680 973 genera
704 889 851 968 ficorum,
879 888 970 952 chiae
996 910 1033 954 ao
1058 889 1139 954 chal·

91 976 104 986 ”
128 977 248 1043 cidicao
271 982 305 1043 et
328 977 436 1061 lydiae
454 981 483 1040 et
501 977 674 1060 africanae,
697 977 777 1040 item
796 982 904 1042 cetera
921 979 1141 1043 transmarina

128 1068 163 1130 in
185 1067 316 1131 Italiam
340 1066 475 1148 perlata.
514 1064 613 1129 simili
637 1066 675 1130 de
699 1086 805 1150 causa,
829 1065 919 1130 oleae
941 1088 1051 1131 semen
1071 1089 1172 1133 cumn

129 1156 172 1220 sit
200 1156 369 1231 nuculeus‚
405 1155 489 1237 quod
523 1175 561 1217 ex
595 1175 633 1218 eo
664 1154 786 1219 tardius
815 1155 1029 1219 enasoebatur
1063 1156 1141 1222 colis

129 1265 224 1327 quam
249 1265 287 1307 ex
311 1243 400 1324 aliis,
427 1243 499 1307 ideo
523 1243 632 1327 potius
655 1243 689 1306 in
713 1243 893 1308 seminariis
916 1243 1036 1328 taleas,
1065 1266 1142 1330 quas

75 1345 150 1401 XLII
160 1332 235 1414 dixi,
255 1333 401 1396 serimus.
424 1333 457 1395 in
471 1331 585 1415 primis
601 1333 752 1396 observes
767 1353 807 1396 ne
822 1333 856 1396 in
871 1335 993 1397 terram
1006 1333 1142 1399 nimium

130 1420 255 1485 aridam
280 1423 336 1484 aut
357 1420 490 1504 variam,
515 1420 570 1484 sed
593 1423 817 1505 temperatam,
848 1442 958 1485 semen
976 1421 1141 1498 demittas.

128 1510 161 1574 in
185 1511 331 1595 iugerum
354 1531 464 1592 unum,
487 1509 515 1572 si
539 1513 588 1573 ost
608 1513 726 1574 natura
744 1514 927 1595 temperata
945 1513 1044 1594 terra,
1068 1511 1172 1576 sori-a

129 1599 211 1663 bunt
234 1621 314 1682 opus
339 1619 409 1663 esse
433 1598 575 1662 medicae
599 1598 860 1682 sesquimodium.
896 1597 930 1662 id
951 1600 1141 1683 seriturita,

129 1691 166 1751 ut
190 1709 300 1751 semen
323 1687 469 1768 iaciatur,
493 1709 588 1770 quem
608 1688 799 1753 admodum
820 1687 874 1768 [L]
895 1709 968 1752 cum
987 1689 1142 1773 pabulum

61 1789 150 1845 XLIH
163 1778 196 1840 et
212 1776 411 1839 frumentum
432 1775 558 1841 seritur.
595 1776 733 1860 cytisum
753 1777 871 1841 seritur
893 1777 928 1840 in
950 1780 1040 1841 terra
1063 1778 1141 1842 bene

130 1865 264 1929 subacta
286 1869 454 1948 tamquam
482 1886 591 1929 semen
619 1865 791 1930 brassicae.
836 1865 910 1929 inde
942 1865 1091 1931 differtur
1113 1868 1143 1930 et

129 1954 162 2018 in
191 1949 415 2037 sesquipedem
442 1954 588 2037 ponitur,
617 1957 673 2018 ant
703 1953 801 2018 etiam
824 1954 864 2019 de
887 1955 990 2038 cytiso
1015 1953 1173 2020 duriores

129 2044 276 2127 virgulae
314 2043 560 2126 deplantantur,
597 2048 630 2107 et
668 2043 716 2108 ita
747 2043 901 2127 pangitur
932 2045 968 2107 in
1000 2037 1143 2109 serendo'.

59 2147 147 2202 XLIV
158 2136 308 2196 seruntur
327 2131 423 2194 fabae
438 2131 537 2195 modii
551 2149 604 2194 1111
617 2133 651 2195 in
666 2132 788 2216 iugero,
806 2131 908 2196 tritici
922 2151 954 2213 v,
971 2132 1087 2198 hordei
1100 2151 1143 2211 vl,

129 2221 268 2304 farrisx,
295 2219 435 2283 sednon
454 2219 554 2282 nullis
572 2221 652 2285 locis
672 2221 770 2304 paulo
790 2220 931 2304 amplius
952 2223 1144 2286 autminus.

129 2309 157 2373 si
182 2308 267 2372 enim
290 2308 379 2372 locus
404 2328 541 2391 crassus,
564 2309 652 2392 plus;
690 2309 718 2373 si
741 2331 858 2393 macer,
881 2309 996 2373 minus.
1045 2332 1143 2394 quare

130 2396 329 2479 observabis,
360 2400 517 2479 quantum
549 2398 583 2461 in
616 2419 654 2461 ea
686 2398 819 2482 regione
852 2398 1051 2463 consuetudo
1085 2399 1177 2465 eritas

129 2487 269 2570 serendi,
297 2489 334 2549 ut
360 2488 490 2549 tantum
520 2485 638 2568 facias,
676 2487 760 2570 quod
789 2490 917 2551 tantum
941 2487 1030 2552 valet
1052 2489 1144 2572 regio

129 2598 166 2640 ao
190 2597 292 2661 genus
316 2577 436 2658 terrae,
466 2578 503 2638 ut
527 2597 564 2639 ex
588 2574 699 2639 eodem
724 2575 845 2639 semine
870 2575 972 2639 aliubi
995 2597 1069 2640 oum
1093 2578 1145 2640 de·

129 2665 212 2728 oimo
236 2664 358 2747 redeat,
383 2663 483 2727 aliubi
507 2685 579 2728 cunr
604 2664 717 2748 quinto
742 2663 876 2747 decimo,
899 2668 936 2728 ut
960 2665 993 2727 in
1012 2663 1146 2731 Etruria

99 2753 210 2818 2locis
240 2752 375 2836 aliquot.
421 2750 454 2814 in
482 2750 580 2816 Italia
608 2754 642 2816 in
672 2750 867 2817 Subaritano
902 2751 1012 2817 dicunt
1046 2755 1146 2819 etiam

130 2863 202 2906 cum
226 2840 403 2905 centesimo
427 2839 532 2905 redire
557 2841 697 2924 solitum,
721 2841 754 2904 in
779 2839 874 2925 Syria
897 2841 938 2905 ad
957 2841 1088 2907 Gadara
1113 2847 1180 2909 eteo

128 2929 162 2992 in
187 2929 301 2994 Africa
324 2929 364 2994 ad
387 2928 563 3012 Byzacium
588 2929 667 2993 item
691 2951 729 2994 ex
753 2930 861 2994 modio
886 2931 977 2994 nasci
1002 2935 1145 2998 centum.

218 3102 422 3172 tpestioulam
466 3103 588 3158 tlidiae
607 3103 750 3158 africanae
798 3109 830 3157 17
849 3103 972 3159 iactatur
1013 3110 1049 3159 26
1069 3107 1148 3174 quod

128 3175 250 3245 tantum]
270 3176 407 3241 quantum
470 3181 504 3229 29
524 3174 639 3242 aliquod
701 3181 734 3228 30
752 3175 858 3245 garada
921 3179 924 3186 '

127 3276 342 3285 ...n—...U

219 3341 234 3388 ὃ
254 3333 417 3389 resticulam
436 3350 482 3387 mo
592 3339 608 3388 9
628 3336 658 3388 et
675 3333 769 3403 lydiae
789 3335 818 3388 et
836 3334 977 3389 africanae
996 3335 1148 3392 Iucundos

117 3412 158 3458 17
185 3405 312 3461 iaciatur
342 3405 480 3462 (deonerare
606 3411 642 3460 ‘tt
672 3404 749 3474 quod
779 3407 891 3459 tantum
919 3404 997 3460 valet
1026 3406 1147 3464 Ursinus

104 3479 144 3526 30
164 3475 283 3533 Gadara
299 3478 508 3553 Setoettpeaas
