2384 3736
97 113 161 178 122
509 112 696 170 VARRONIS

93 258 229 325 Graecia
251 259 339 323 intra
361 259 452 323 mille
475 280 635 324 annorum
658 263 817 344 repertae,
839 260 913 348 agri
934 283 1106 346 numquam
1148 254 1151 331 l

92 369 159 413 non
181 348 305 412 fuerint
331 347 366 411 in
393 347 489 413 terris
519 348 576 431 qui
605 347 671 413 coli
692 348 831 433 possint.
876 370 983 434 neque
1006 351 1105 416 solun

93 438 257 521 antiquior
280 437 408 501 cultura
431 437 511 521 agri,
541 437 596 501 sed
620 438 719 503 etiam
742 437 866 503 melior.
910 439 1024 525 itaque
1045 461 1105 504 non

94 526 162 589 sine
186 546 283 589 causa
307 526 446 589 maiores
467 527 573 590 nostri
592 518 635 590 erl
650 527 729 591 urbe
748 527 783 591 in
802 547 900 611 agros
918 528 1105 614 redigebant

93 635 169 679 suos
206 614 310 694 cives,
352 614 438 697 quod
475 617 508 677 et
543 614 579 678 in
615 636 695 697 pace
731 637 751 679 a
788 616 919 681 rusticis
952 615 1131 682 Romanisr

62 702 264 768 5alebantur
298 705 330 767 et
362 703 396 767 in
428 703 514 767 bello
543 704 584 768 ab
612 703 665 768 his
693 703 901 770 ducebantur.
953 726 1013 770 nec
1042 705 1105 770 sine

94 813 192 856 eausa
214 796 334 856 terram
357 791 491 856 eandem
511 793 723 876 appellabant
741 797 880 859 matrem
899 797 933 858 et
952 791 1104 876 Cererem,

92 883 126 944 et
150 882 205 964 qui
228 903 300 945 eam
324 881 474 959 colerent,
497 881 585 963 piam
610 884 643 946 et
665 881 780 945 utilem
803 902 900 967 agere
921 883 1026 947 vitam
1045 904 1105 948 cre

93 969 215 1034 debant
239 974 335 1053 atque
359 990 415 1033 eos
439 968 527 1033 solos
546 969 689 1054 reliquos
708 991 779 1035 esse
798 971 959 1055 exstirpe
978 969 1105 1036 Saturni

92 1059 188 1141 regis.
239 1058 291 1122 cui
324 1061 578 1123 consentaneum
610 1062 677 1140 est,
709 1058 795 1142 quod
827 1059 923 1124 initia
954 1063 1105 1125 vocantur
1115 1078 1151 1157 1⁰,

63 1146 299 1229 6potissimum
332 1168 370 1210 ea
403 1168 485 1230 quae
518 1144 627 1210 Gereri
656 1148 740 1211 fiunt
770 1169 872 1212 saera.
917 1147 978 1213 nec
1006 1149 1105 1213 minus
1148 1160 1151 1229 ξ

93 1233 204 1317 oppidi
224 1255 351 1317 quoque
369 1256 489 1299 nomen
508 1234 639 1299 Thebae
658 1234 783 1300 indicat
803 1236 1024 1320 antiquiorem
1042 1257 1105 1302 esse
1149 1244 1151 1251 '

94 1342 218 1406 agrum,
241 1322 328 1405 quod
351 1323 392 1386 ab
417 1324 488 1408 agri
512 1344 639 1408 genere,
667 1345 735 1389 non
759 1346 778 1388 a
800 1325 971 1391 conditore
993 1345 1106 1390 nomen

93 1411 122 1474 ei
150 1414 200 1474 est
229 1410 419 1494 inpositum.
464 1433 540 1476 nam
568 1412 681 1497 lingua
708 1411 817 1495 prisca
849 1417 883 1478 et
913 1415 950 1478 in
977 1413 1106 1479 Graecia

92 1500 203 1565 Aeolis
227 1499 343 1565 Boeoti
372 1500 441 1563 sine
469 1500 590 1564 adflatu
616 1505 736 1566 vocant
763 1502 854 1566 collis
882 1503 991 1587 abac,
1024 1506 1057 1567 et
1076 1503 1136 1566 ina

93 1586 239 1674 Sabinis,
267 1610 331 1672 quo
355 1610 372 1652 e
395 1587 530 1653 Graecia
553 1593 711 1654 venerunt
731 1588 872 1676 Pelasgi,
901 1592 1002 1656 etiam
1025 1611 1106 1656 nunc

91 1676 140 1740 ita
164 1676 286 1758 dicunt,
310 1677 400 1741 euius
424 1678 598 1762 vestigium
617 1679 651 1742 in
671 1699 749 1763 agro
770 1676 891 1744 Sabino
910 1681 966 1744 via
985 1678 1108 1751 Salaria

92 1786 159 1828 non
187 1765 284 1849 longe
313 1787 332 1829 a
359 1765 475 1849 Reate,
505 1766 665 1831 miliarius
694 1768 798 1832 clivus
826 1789 899 1832 cum
928 1769 1107 1853 appellatur

63 1854 196 1920 ltebae.
234 1854 307 1939 agri
330 1854 491 1918 culturam
515 1856 622 1938 primo
641 1859 776 1939 propter
794 1860 1025 1941 paupertatem
1044 1880 1107 1922 ma

92 1943 179 2007 xime
211 1943 420 2007 indiscretam
451 1943 633 2021 habebant,
666 1945 752 2028 quod
784 1966 804 2008 a
834 1947 1025 2029 pastoribus
1057 1945 1138 2030 quia

93 2035 187 2095 erant
214 2032 279 2096 orti
305 2032 339 2094 in
367 2031 480 2097 eodem
509 2052 588 2117 agro
617 2036 651 2096 et
677 2033 831 2097 serebant
858 2037 891 2098 et
920 2035 1108 2117 pascebant:

94 2141 175 2203 quae
202 2124 317 2203 postea
346 2124 517 2184 creverunt
543 2121 680 2204 pecunia
708 2121 897 2206 diviserunt,
928 2144 965 2188 ac
988 2123 1108 2188 factum

63 2213 130 2275 8ut
153 2208 334 2273 dicerentur
362 2209 418 2273 alii
442 2209 621 2294 agricolae,
649 2208 705 2275 alii
727 2214 885 2295 pastores.
932 2233 1017 2295 quae
1041 2212 1109 2296 ipsa

92 2318 168 2378 pars
191 2296 311 2380 duplex
332 2302 392 2374 est,
414 2299 548 2362 tametsi
571 2299 612 2362 ab
636 2297 726 2362 nullo
749 2300 829 2363 satis
852 2299 1005 2384 discreta,
1028 2299 1109 2385 quod

93 2385 196 2448 altera
219 2388 268 2448 est
289 2384 433 2450 villatica
455 2387 581 2470 pastio,
603 2387 707 2452 altera
730 2387 879 2471 agrestis.
924 2388 1006 2453 haec
1034 2392 1142 2455 notas

93 2476 127 2537 et
158 2473 286 2555 nobilis,
318 2474 404 2558 quod
436 2478 469 2539 et
500 2476 652 2559 pecuaria
680 2476 877 2560 appellatur,
909 2480 944 2541 et
971 2479 1110 2542 multum

92 2562 239 2627 homines
274 2563 454 2647 locupletes
488 2565 531 2628 ob
562 2586 634 2628 eam
666 2585 734 2628 rem
763 2568 821 2628 aut
848 2565 1027 2631 conductos
1057 2569 1112 2630 aut

94 2654 221 2734 emptos
249 2651 372 2715 habent
400 2652 516 2737 saltus3
545 2653 647 2716 altera
675 2652 833 2738 villatica,
863 2654 950 2737 quod
976 2653 1111 2721 humilis

93 2737 233 2821 videtur,
263 2760 282 2802 a
305 2739 499 2822 quibusdam
523 2741 648 2805 adiecta
672 2741 714 2805 ad
737 2741 1009 2827 agriculturam,
1040 2765 1113 2809 cum

94 2830 179 2890 esset
209 2827 328 2911 pastio,
360 2850 464 2912 neque
496 2829 658 2914 explicata
689 2833 760 2894 tota
793 2831 987 2915 separatim,
1026 2831 1148 2916 quoda

63 2915 208 3000 9seiam,
237 2915 278 2980 ab
309 2915 385 2982 ullo.
431 2917 541 3002 itaque
565 2940 639 2983 cunr
660 2921 810 3003 putarem
835 2941 906 2984 esse
928 2941 1040 2985 rerum
1062 2942 1114 2985 ru·

182 3126 247 3181 tin
266 3126 341 3196 agris
397 3127 469 3182 tab
488 3127 532 3181 his
552 3127 652 3196 (abiis
671 3129 809 3184 nonnullo
826 3130 1001 3201 upoprupba)
1064 3128 1127 3187 dri-¹

94 3197 240 3270 cebantur]
261 3198 409 3252 alebantur
486 3198 616 3267 9adque
695 3204 728 3254 12
752 3199 881 3254 indicant
954 3206 987 3256 1⁶
1011 3201 1116 3259 thebes

95 3274 128 3322 18
146 3271 206 3323 rete
225 3272 314 3337 (reate
339 3269 377 3337 V)
419 3267 508 3323 cliuus
528 3271 686 3340 appellatur
704 3269 807 3326 thebae
826 3288 890 3326 cum
909 3270 1117 3343 agricultum

162 3469 232 3524 4r'n
252 3488 344 3543 agros
363 3488 381 3528 u
463 3473 501 3525 12
519 3466 637 3525 indicat
654 3481 703 3520 rso
