2386 3742
122 100 164 165 68
531 100 717 156 VARRONIS

121 246 216 330 velis,
245 246 330 330 quod
353 267 418 308 non
441 245 493 329 fit,
517 248 690 330 antequam
708 244 881 310 accesserit
902 264 1021 311 annuc:
1051 244 1135 310 anni·

122 335 230 399 culum
256 334 373 418 prodit.
420 335 447 398 si
476 337 527 398 est
555 356 631 400 vero
660 356 700 399 ex
723 356 761 400 eo
785 354 901 419 genere
924 354 1023 418 uvae,
1054 333 1136 418 quod

122 427 249 488 mature
273 426 432 507 cocescat,
460 426 535 487 ante
559 422 757 488 vindemiam
780 421 926 488 consumi
949 425 1006 487 aut
1030 423 1136 488 venire

122 514 261 594 oportet.
296 532 417 597 genera
436 515 511 576 sunt
530 511 606 596 vini,
625 513 660 576 in
674 533 738 595 quo
752 511 899 596 Falerna,
917 533 1002 595 quae
1016 514 1136 597 quanto

123 600 224 683 pluris
249 622 351 666 annos
376 600 507 666 condita
471 601 726 684 tt,habuerun
754 603 857 686 t,anto
879 621 952 666 cum
976 605 1166 686 promptae

124 692 199 753 sunt
184 688 307 755 ttfruc
293 690 446 755 tuosiora.

56 791 145 847 LXVI
213 775 309 843 Oleas
340 776 432 843 albas
465 800 545 862 quas
577 777 773 860 condideris,
802 799 903 843 novas
934 776 963 841 si
992 778 1137 842 celeriter

122 889 263 951 promae,
283 867 359 947 [nisi
378 866 572 969 condideris]
592 872 726 969 propter
745 865 993 932 amaritudinem
1014 866 1138 950 respuit

121 957 283 1040 palatum3
311 955 390 1020 item
418 955 543 1040 nigras,
571 956 636 1020 nisi
663 955 753 1040 prius
782 977 837 1020 eas
860 955 928 1020 sale
954 955 1138 1038 maceraris,

122 1047 160 1108 ut
181 1044 321 1110 libenter
343 1045 379 1108 in
402 1066 438 1108 os
462 1044 670 1128 recipiantur.
1148 1065 1166 1104 ιι

79 1147 159 1202 XVII
214 1132 338 1198 Nucem
357 1133 544 1217 iuglandem
565 1137 597 1198 et
615 1133 794 1217 palmulam
814 1136 848 1197 et
865 1132 964 1198 ficum
983 1129 1138 1196 Sabinam

125 1224 249 1305 quanto
269 1221 364 1286 citius
383 1242 523 1305 promas,
545 1221 733 1288 iucundiore
751 1225 853 1302 utare,
873 1220 959 1305 quod
977 1223 1139 1287 vetustate

123 1310 204 1374 ficus
227 1309 266 1374 fit
288 1309 451 1394 pallidior,
473 1311 618 1394 palmula
641 1311 805 1394 curiosior,
827 1332 894 1374 nux
917 1308 1051 1378 aridior.

53 1413 169 1469 LXVIII
212 1398 367 1483 Pensilia,
390 1403 427 1464 ut
450 1422 540 1483 uvae,
564 1400 651 1471 mala
675 1403 708 1464 ιι
732 1400 839 1483 sorba,
861 1399 935 1482 ipsa
958 1398 1138 1477 ostendunt,

125 1487 254 1573 quando
278 1487 319 1552 ad
342 1510 435 1552 usum
460 1490 611 1572 oporteat
634 1488 749 1572 promi,
772 1487 858 1573 quod
881 1487 989 1553 colore
1013 1491 1167 1553 mutator

124 1580 158 1641 et
181 1580 349 1642 contractu
373 1576 550 1661 acinorum,
574 1577 602 1642 si
625 1598 692 1643 non
715 1575 914 1730 dempserist
914 1576 955 1640 ad
975 1576 1139 1660 edendum,

125 1665 166 1730 ad
200 1664 403 1730 abiciendum
436 1666 666 1731 descensurum
697 1688 731 1731 se
759 1666 962 1731 minitantur.
1009 1666 1139 1731 sorbum

124 1756 288 1819 maturum
318 1755 396 1818 mite
427 1755 537 1819 condit
538 1777 593 1820 um
623 1754 719 1820 citius
752 1755 859 1844 promi
882 1756 1026 1838 oportet:
1057 1775 1139 1820 acer·

123 1842 201 1907 bum
231 1842 317 1907 enim
348 1864 541 1926 suspensum
570 1844 691 1909 lentius
722 1846 787 1927 est,
818 1842 915 1995 quodt
932 1843 1025 1927 prius
1054 1842 1139 1908 domi

124 1931 348 1997 maturitatem
381 1931 515 2016 adsequi
550 1933 635 2016 vult,
668 1954 766 2016 quam
802 1932 915 2016 nequit
949 1932 984 1996 ιιι
1017 1933 1168 2016 ιιιοιι,ι

125 2036 224 2104 quam
247 2021 406 2087 mitescat.

73 2123 160 2179 LXIX
212 2108 357 2174 Messum
389 2109 440 2175 far
471 2109 686 2193 promendum
717 2109 823 2174 hieme
855 2109 889 2173 in
926 2108 1067 2193 pistrino
1101 2109 1139 2176 ad

124 2198 327 2282 torrendum,
359 2198 445 2280 quod
476 2199 516 2262 ad
549 2198 692 2264 cibatum
724 2198 910 2282 expeditum
942 2219 1028 2264 esse,
1044 2199 1139 2282 velis3

125 2285 211 2370 quod
234 2286 275 2350 ad
298 2287 467 2365 sationem,
489 2291 559 2351 tum
583 2287 807 2371 promendum,
830 2308 904 2351 cum
927 2290 1053 2371 segetes
1074 2309 1139 2352 ma·

123 2377 218 2438 turae
246 2378 322 2439 sunt
308 2374 392 2439 tad
420 2376 724 2460 accipiendumt
697 2377 777 2441 item
800 2397 882 2460 quae
909 2376 1075 2460 pertinent
1102 2375 1170 2441 ιιιιι

126 2463 296 2548 sationem,
319 2486 378 2529 suo
402 2486 530 2550 quoque
553 2470 701 2549 tempore
723 2465 912 2548 promenda.
958 2486 1041 2548 quae
1066 2487 1140 2530 ven·

125 2551 229 2618 denda
247 2552 419 2649 videndum
420 2575 529 2638 ,quae
549 2576 676 2639 quoque
694 2558 841 2636 tempore
856 2555 1006 2637 oporteat
1018 2555 1139 2637 promi.

126 2641 191 2706 alia
210 2638 306 2724 enim,
325 2663 406 2725 quae
425 2665 555 2707 manere
573 2664 638 2706 non
657 2645 804 2726 possunt,
824 2646 997 2726 antequam
1017 2665 1052 2708 se
1067 2665 1140 2709 con·

125 2751 181 2793 mu
182 2732 261 2811 tent,
284 2733 321 2794 ut
344 2732 455 2796 celerit
440 2735 490 2796 ter
512 2753 648 2815 promas
664 2753 702 2796 ac
720 2730 854 2815 vendas3
879 2731 952 2815 alia,
976 2753 1058 2816 quae
1080 2754 1141 2797 ser·

217 2928 230 2974 1
252 2926 428 2977 accesserunt
446 2923 607 2978 anniculum
692 2925 876 2979 Bcocescant
951 2928 1057 2992 'lquas
1078 2941 1140 2980 con·

126 2991 199 3046 deris
271 2992 311 3046 sic
330 2993 458 3049 celeriter
530 3001 564 3050 14
581 2994 625 3066 ut]
645 2998 695 3050 aut
766 3011 850 3049 sorua
922 2998 955 3047 ιι
975 2995 1083 3066 ιοιοιι]
1099 3011 1141 3051 co·

126 3064 213 3118 lerem
303 3068 337 3118 17
357 3066 483 3137 sorbum]
505 3082 587 3121 soruo
661 3071 694 3122 18
713 3066 844 3120 acerbum
868 3066 1011 3136 (aceruum
1035 3068 1140 3137 opopa)

127 3139 162 3190 28
180 3151 236 3203 quo
255 3150 367 3190 manere

217 3319 231 3367 1
252 3314 318 3368 ante
337 3329 422 3382 quam
441 3313 589 3368 accesserit
607 3329 694 3369 annus
712 3315 859 3370 Iucuodus
922 3320 937 3369 ‘I
957 3330 1026 3385 ques
1046 3314 1141 3370 condi-

122 3382 199 3437 deris
216 3401 235 3440 ι
305 3383 330 3439 ai
350 3381 479 3439 celeriter
500 3383 638 3441 Victorius
726 3390 760 3440 14
779 3387 811 3440 ut
831 3402 903 3441 uuae
921 3402 969 3442 mv
1042 3391 1076 3441 15
1096 3404 1140 3444 co·

106 3449 173 3508 lore
189 3471 243 3510 mc
337 3463 374 3514 17
394 3457 512 3515 sorbum
530 3460 677 3515 maturum
695 3474 742 3512 ιιι
824 3461 863 3510 ιι
880 3473 952 3522 quae
964 3472 1077 3512 manere
1095 3475 1140 3515 mv
