2386 3742
281 171 412 226 RERVM
431 171 669 228 RVSTIGARVM
686 172 754 228 1113.
768 171 782 225 Ι
796 177 901 229 65-69
1058 174 1101 239 69

81 316 157 381 vari
177 320 325 402 possunt,
346 320 385 382 ut
406 320 476 382 tum
499 317 633 398 vendas,
661 340 734 383 cum
759 317 876 382 caritas
900 322 959 383 est
1005 340 1101 402 saepe

82 405 171 469 enim
195 404 316 470 diutius
341 409 471 471 servata
494 429 561 472 non
584 405 680 472 modo
704 427 836 472 usuram
860 406 1018 493 adiciunt,
1046 408 1101 472 sed

83 494 186 559 etiam
208 493 352 560 fructum
375 495 551 579 duplicant,
575 496 602 560 si
625 499 771 580 tempore
793 517 935 579 promas.

176 580 257 648 Oum
280 583 361 649 haec
384 583 513 669 diceret,
535 585 625 649 venit
648 584 785 649 libertus
804 584 960 649 aeditumi
979 585 1020 648 ad
1038 593 1131 651 n0s2

53 670 166 736 eflens
190 674 223 736 et
245 675 341 758 rogat
363 675 400 736 ut
422 675 641 759 ignoscamus,
669 673 756 756 quod
786 673 888 737 simus
911 673 1045 756 retenti,
1069 677 1102 738 et

83 762 123 824 ut
148 760 177 825 ei
200 761 235 825 in
256 760 354 825 funus
378 761 535 846 postridie
558 761 762 845 prodeamus.
799 783 912 826 omnes
935 763 1102 847 consurgi·
1146 772 1149 776 ’

83 871 158 913 mus
191 871 229 914 ac
261 850 359 915 simul
391 851 622 929 exclamamus,
656 849 766 935 ‘quid‘i
798 849 832 914 in
861 850 982 915 funus?
1016 850 1102 934 quod

82 937 206 1003 funus?
239 938 316 1023 quid
340 943 389 1004 est
411 938 569 1006 faetumt’
602 940 657 1004 ille
680 939 762 1004 flens
789 943 903 1004 narrat
926 939 967 1003 ab
990 939 1100 1005 nescio

84 1047 152 1111 quo
186 1048 374 1112 percussum
410 1029 542 1094 cultello
576 1028 770 1112 concidisse,
804 1049 899 1111 quem
929 1029 986 1111 qui
1016 1031 1102 1092 esset

41 1137 70 1177 10
86 1115 343 1181 animadvertere
362 1117 397 1182 in
414 1118 511 1183 turba
526 1139 595 1182 non
613 1118 767 1202 potuisse,
785 1117 841 1181 sed
854 1119 984 1181 tantum
1003 1116 1100 1182 modo

84 1204 254 1269 exaudisse
278 1227 400 1291 vocem,
421 1228 590 1291 perperam
614 1206 738 1272 fecisse.
782 1206 867 1290 ipse,
891 1228 964 1270 cum
990 1209 1131 1289 patro-3

83 1314 164 1357 num
189 1294 321 1359 domum
344 1297 531 1361 sustulisset
550 1298 583 1360 et
599 1316 718 1379 pueros
738 1294 924 1379 dimisisset,
947 1297 984 1358 ut
1001 1294 1100 1359 medi-

84 1403 161 1446 cum
189 1384 394 1468 requirerent
420 1407 458 1450 ac
486 1388 614 1449 mature
642 1384 851 1467 adducerent,
879 1383 965 1468 quod
992 1383 1101 1467 potius

83 1471 163 1536 illut
181 1471 452 1558 administrasset,
471 1496 568 1559 quam
588 1473 630 1538 ad
648 1495 709 1539 nos
729 1473 882 1556 venisset,
900 1493 1012 1537 aecum
1031 1492 1102 1536 esse

43 1583 70 1624 re
86 1560 152 1624 sibi
174 1561 307 1645 ignosci.
353 1583 413 1627 nec
432 1562 459 1627 si
483 1585 556 1627 eum
581 1584 710 1628 servare
733 1584 798 1627 non
820 1561 996 1645 potuisset,
1025 1560 1103 1645 quin

84 1670 155 1713 non
177 1650 282 1715 multo
305 1654 381 1734 post
404 1652 545 1717 animam
570 1651 704 1730 efflaret,
727 1654 838 1715 tamen
860 1654 976 1734 putare
1000 1671 1034 1714 se
1057 1648 1101 1713 fe-

85 1738 170 1803 cisse
193 1742 278 1803 recte
298 1738 364 1820 [LJ.
400 1762 467 1813 non
490 1741 627 1805 moleste
650 1741 791 1805 ferentes
815 1739 1038 1805 descendimus
1062 1738 1101 1803 de

86 1827 167 1890 aede
191 1830 224 1891 et
246 1827 285 1892 de
308 1850 387 1894 casu
412 1828 555 1895 humano
582 1829 689 1912 magis
714 1830 900 1913 querentes,
927 1849 1025 1911 quam
1048 1826 1102 1891 ad-

84 1916 245 1982 mirantes
268 1917 301 1981 id
323 1916 449 1984 Romae
471 1919 605 2003 factum,
628 1917 822 1984 discedimus
846 1937 967 1982 omnes.

179 2113 210 2162 11
230 2108 299 2164 fecit
316 2125 345 2165 se
363 2109 392 2179 ip
394 2126 423 2165 se
480 2117 512 2166 16
530 2112 646 2180 putaret
702 2116 734 2164 19
753 2106 888 2165 Varronis
906 2125 999 2164 rerum
1016 2106 1103 2160 rusti-

85 2195 183 2234 carum
203 2179 238 2235 de
256 2181 318 2263 agri
336 2180 448 2236 cultura
464 2181 538 2237 liber
551 2181 564 2234 I
579 2181 702 2264 explicit,
744 2181 834 2236 Marci
851 2177 957 2235 terenti
973 2178 1102 2234 camonis

84 2267 181 2305 rerum
199 2251 369 2307 rusticarum
388 2253 423 2308 de
440 2268 472 2308 re
490 2253 623 2323 pecuaria
640 2251 773 2322 incipitl.
789 2251 815 2306 ΙΙ

180 2416 212 2464 11
232 2427 380 2482 perperam
398 2412 534 2469 iecisseo
609 2418 642 2468 16
660 2414 760 2482 putare
779 2413 926 2467 Iacemdae
