2386 3742
119 129 163 192 32
528 127 714 183 vassenis

120 273 223 338 fossa:
248 295 302 338 eos
327 271 455 356 quidam
481 276 600 338 vocant
623 295 742 357 muros,
764 276 801 336 ut
823 273 857 336 in
881 293 960 358 egro
984 271 1139 342 Reatino.

88 367 273 446 4quartum
287 361 403 426 fabrile
423 363 660 446 saepimentum
680 365 730 426 est
743 361 967 443 novissimum,
986 363 1138 428 moceria.

120 452 216 515 huius
243 451 311 515 fere
340 450 463 534 species
492 454 660 535 quattuor,
688 450 774 534 quod
802 451 884 514 fiunt
907 472 924 514 e
946 449 1070 535 lapide,
1102 454 1140 515 ut

120 541 154 604 in
188 559 268 623 agro
302 539 499 623 Tusculano,
532 539 618 622 quod
648 561 664 603 e
691 539 848 602 lateribus
881 539 1068 623 coctilibus,
1100 543 1139 603 ut

120 648 257 798 itti?
277 625 426 802 tlte
448 627 536 781 llll
560 627 1175 800 tltlllstltltautlstt⁵

122 808 159 869 ut
181 806 215 869 in
237 804 399 889 Hispania
422 808 455 869 et
478 825 558 889 agro
578 804 765 869 Tarentino.

61 908 112 964 XV
210 893 383 958 Praeterea
415 895 485 957 sine
518 894 639 977 saeptis
671 893 753 957 fines
786 893 899 976 praedi
932 892 1060 958 satione
1089 915 1140 958 ar·

122 983 238 1048 borum
265 983 403 1047 tutiores
431 982 527 1064 fiunt,
555 1003 596 1044 ne
623 982 765 1045 familiae
788 981 896 1046 rixent
924 1003 997 1046 cum
1020 981 1140 1046 vicinis

123 1092 159 1136 ac
187 1070 310 1135 limites
339 1092 378 1134 ex
410 1071 523 1134 litibus
557 1070 694 1134 iudicem
723 1074 891 1153 quaerant.
942 1073 1053 1134 serunt
1082 1071 1140 1134 alii
1154 1090 1176 1130 ιο

122 1160 244 1227 circum
267 1159 377 1242 pinos,
405 1163 441 1222 ut
463 1159 564 1224 habet
587 1181 669 1224 uxor
698 1158 733 1222 in
757 1156 900 1242 Sabinis,
929 1159 986 1223 alii
1009 1180 1140 1242 cupres-

123 1269 190 1330 sos,
211 1251 261 1311 ·ut
288 1269 349 1333 ego
376 1247 478 1311 habui
504 1248 538 1311 in
561 1247 718 1330 Vesuvio,
751 1247 808 1312 alii
835 1248 954 1324 ulmos,
982 1252 1018 1311 ut
1041 1248 1141 1312 multi

121 1336 245 1400 habent
275 1336 310 1399 in
337 1335 560 1401 Crustumino:
595 1336 710 1421 [quod]
744 1336 801 1399 ubi
831 1335 865 1399 id
895 1339 985 1419 pote,
1016 1340 1054 1400 ut
1084 1337 1142 1420 ibi,

124 1424 209 1508 quod
233 1429 282 1488 est
306 1447 448 1508 campus,
470 1425 561 1489 nulla
584 1425 695 1515 potior
718 1423 863 1506 serenda,
887 1425 972 1508 quod
995 1424 1141 1489 maxime

121 1512 299 1596 fructuosa,
322 1514 406 1597 quod
430 1520 463 1578 et
487 1513 625 1578 sustinet
648 1535 743 1597 saepe
763 1535 800 1577 ac
819 1512 909 1597 cogit
926 1512 1051 1596 aliquot
1070 1535 1141 1580 cor·
1154 1530 1177 1574 n

123 1602 218 1666 bulas
252 1624 387 1666 uvarum
421 1605 454 1666 et
485 1601 633 1666 frondem
670 1600 936 1666 iucundissimam
971 1601 1143 1667 ministrat

125 1690 240 1842 ovilpus
269 1713 307 1755 ac
334 1691 438 1755 bubus
467 1712 505 1756 ac
531 1690 642 1775 virgas
658 1690 806 1774 praebet
832 1690 1041 1774 saepibuset
1064 1690 1141 1757 foco

125 1801 163 1844 ac
203 1800 292 1845 umo.
1041 1800 1044 1804 ·

213 1867 340 1951 Scrofa,
365 1865 472 1952 Igitur
495 1867 753 1951 primum1heec,
776 1888 858 1950 quae
881 1866 961 1952 dixi,
984 1871 1143 1951 quattuor

124 1956 261 2021 videnda
289 1956 465 2041 agricolae,
496 1955 534 2019 de
562 1954 655 2019 fundi
676 1954 797 2039 forma,
824 1957 860 2020 de
882 1959 988 2020 terrae
1010 1958 1179 2042 naturate

50 2046 166 2115 xvlde
194 2046 290 2110 modo
319 2045 403 2130 agri,
432 2045 470 2108 de
493 2045 613 2109 finibus
636 2042 774 2110 tuendis.
820 2045 1013 2129 relinquitur
1036 2045 1144 2119 altera

109 2156 211 2217 pars,
229 2156 310 2218 quae
330 2137 380 2198 est
398 2136 491 2197 extra
508 2133 654 2215 fundum,
672 2132 763 2196 cuius
782 2134 975 2217 appendices
995 2136 1027 2197 et
1045 2133 1144 2199 rehe-

125 2229 252 2286 menter
287 2223 454 2306 pertinent
485 2221 526 2285 ad
561 2221 722 2286 culturam
759 2226 892 2307 propter
929 2221 1144 2287 adfinitatem.

125 2313 194 2374 eius
226 2311 348 2393 species
375 2309 526 2375 totidem:
561 2311 589 2374 si
616 2309 724 2374 vicina
751 2309 842 2394 regio
871 2313 921 2374 est
948 2310 1082 2394 infesta3
1114 2311 1144 2376 si

126 2421 190 2482 quo
217 2421 322 2482 neque
349 2398 473 2463 fructus
498 2402 631 2464 nostros
660 2402 830 2481 exportare
854 2399 1005 2482 expediat
1033 2418 1180 2482 nequeo

125 2487 200 2551 inde
228 2509 310 2572 quae
340 2509 420 2571 opus
450 2492 525 2553 sunt
555 2487 743 2571 adportare3
766 2488 914 2571 tertium,
938 2487 966 2552 si
988 2487 1062 2552 viae
1086 2491 1146 2552 aut
1178 2528 1181 2533 -

125 2576 224 2658 fluvii,
249 2598 313 2661 qua
331 2579 488 2660 portetur,
508 2579 650 2641 autnon
668 2580 744 2639 sunt
763 2579 820 2639 aut
838 2576 945 2664 idonei
963 2597 1030 2641 non
1049 2581 1146 2662 sunt3

127 2669 288 2749 quartum,
308 2665 414 2748 siquid
432 2665 479 2730 ita
498 2665 599 2730 estin
619 2664 800 2729 confinibus
819 2665 939 2749 fundis,
961 2668 999 2730 ut
1015 2667 1146 2731 nostris

96 2753 215 2838 tagris
248 2754 353 2836 prosit
385 2757 443 2818 aut
474 2757 598 2819 noceat.
649 2753 761 2836 equis
795 2756 949 2836 quattuor
977 2753 1063 2841 quod
1092 2758 1147 2819 est

217 2950 232 2998 1
251 2944 342 3000 retino
424 2951 439 2999 2
460 2947 595 3013 quantum
614 2945 756 3013 (quartum
774 2947 880 3015 apopr.)
963 2952 979 3000 7
998 2945 1028 2999 in
1046 2945 1146 3015 hispa·

128 3015 192 3070 niae
212 3032 280 3085 agro
352 3023 368 3072 8
388 3018 496 3087 praedii
546 3014 664 3072 sationis
682 3013 758 3070 notis
777 3015 908 3070 arborum
980 3022 995 3070 9
1014 3016 1147 3072 rixentur

128 3092 161 3140 13
181 3086 256 3154 quod
278 3087 329 3141 ubi
351 3087 381 3140 id
404 3089 471 3156 pote
494 3089 585 3143 mendi
602 3092 669 3142 actu
687 3087 815 3155 adposita
924 3093 957 3142 15
976 3103 1090 3157 saepem
1111 3105 1148 3144 ac

128 3157 197 3212 colit
215 3159 329 3226 aliquod
402 3164 437 3213 20
456 3157 490 3214 de
509 3165 573 3215 oute
590 3161 683 3213 terras
701 3174 752 3212 om.

217 3339 232 3387 1
251 3335 360 3390 reatino
379 3351 425 3390 mo
517 3341 532 3390 ἵ
551 3335 582 3390 in
599 3333 730 3404 hispania
750 3335 780 3389 et
802 3351 871 3403 agro
889 3352 905 3390 o
995 3341 1012 3390 8
1031 3335 1146 3393 satione

111 3405 249 3459 arborum
269 3405 460 3464 Schneidcrae
550 3407 680 3463 eriserit
697 3405 806 3461 Nouius
823 3423 851 3474 p.
870 3409 926 3462 477
1011 3410 1045 3460 lt
1066 3406 1148 3478 cogit

94 3471 220 3530 Marias
231 3493 267 3546 p,
288 3484 352 3537 197
426 3488 463 3539 20
484 3480 522 3538 de
540 3483 636 3539 terrae
654 3478 762 3534 natura
777 3477 934 3532 Pontedera
950 3477 1037 3542 autu.
1050 3493 1082 3544 p,
1092 3483 1148 3533 tud
