2386 3742
262 128 393 186 RERVM
410 117 651 185 RVSTIOARVM
670 130 739 187 LIB.
754 130 781 186 ll
796 134 828 186 11
993 129 1056 196 119

38 275 171 341 nomine
195 274 326 360 quidam
349 275 400 339 bis
424 279 536 341 secant
565 278 670 360 prata
717 275 940 360 diligentiores
968 275 1057 362 tege-

38 365 146 430 ticulis
166 364 320 430 subiectis
340 385 416 429 oves
435 364 570 431 tondere
591 365 706 448 solent,
728 365 826 450 nequi
847 364 940 430 flocci
956 363 1057 430 inter-

38 456 123 517 eant.
175 453 243 518 dies
271 452 312 518 cd
340 474 413 517 eam
441 473 510 517 rem
539 456 711 518 sumuntur
740 454 858 537 sereni,
893 455 926 518 et
952 452 993 519 iis
1022 453 1056 518 id
1090 461 1108 519 9

38 541 165 606 faciunt
187 540 254 605 fere
278 563 297 606 a
321 544 437 625 quarta
460 541 501 606 ad
524 541 694 606 decimam:
724 563 798 607 cum
817 541 886 607 sole
905 541 1057 607 calidiore

38 633 146 713 tonsa,
176 651 215 695 ex
246 630 361 695 sudore
385 629 454 694 eius
477 630 554 695 lana
576 631 616 695 fit
637 630 767 695 mollior
790 632 823 694 et
844 630 1057 714 ponderosior

38 722 73 783 et
105 719 213 783 colore
245 719 386 785 meliore.
432 740 529 802 quam
562 719 728 803 demptam
757 741 794 784 ac
825 719 1058 805 conglobatam

38 806 97 870 alii
120 807 249 890 vellera,
272 807 331 872 alii
354 808 514 872 velamina
537 807 715 892 appellant:
749 829 788 871 ex
809 829 872 892 quo
896 806 1057 872 vocabulo

38 895 255 961 animadverti
282 897 358 960 licet
380 896 471 980 prius
494 897 530 961 ia
557 898 633 960 lana
661 896 828 962 rulsuram
858 917 957 980 quam
984 900 1057 963 ton·

38 1005 151 1048 suram
173 984 348 1049 inventam.
385 985 440 1068 qui
459 985 558 1049 etiam
582 1007 668 1050 nunc
691 986 824 1068 vellunt,
848 988 925 1049 ante
948 985 1057 1050 triduo

37 1072 164 1137 habent
191 1073 328 1156 ieiunas,
356 1073 441 1156 quod
469 1072 641 1158 languidae
669 1075 776 1138 minus
806 1095 902 1160 aegre
933 1073 1057 1139 radices

37 1162 134 1226 lanae
158 1162 307 1227 retinent.
354 1161 495 1226 Omnino
523 1165 672 1228 tonsores
702 1163 738 1227 in
760 1161 890 1227 Italiam
915 1163 1056 1246 primum
1069 1170 1110 1230 10

38 1250 167 1315 venisse
200 1272 238 1314 ex
267 1249 377 1316 Sicilia
409 1251 562 1315 dicuntur
593 1275 624 1336 p.
653 1251 692 1316 R.
720 1273 745 1318 c.
770 1275 797 1316 a.
822 1267 989 1337 coccum,
1021 1254 1059 1315 ut

38 1339 197 1423 scriptum
225 1340 259 1403 in
285 1339 416 1423 publico
440 1338 566 1404 Ardeae
594 1341 629 1403 in
655 1340 774 1404 litteris
805 1343 911 1426 extat,
939 1361 1058 1424 eosque

37 1425 212 1492 adduxisse
238 1427 391 1492 Publium
423 1428 581 1493 Titinium
610 1427 750 1493 Menam.
797 1428 875 1494 olim
907 1432 1058 1494 tonsores

38 1537 108 1580 non
144 1514 245 1580 fuisse
283 1515 512 1600 adsignificant
548 1517 758 1600 antiquorum
790 1519 934 1602 statuae,
972 1517 1058 1600 quod

38 1605 211 1689 pleraeque
239 1605 363 1669 habent
385 1606 539 1688 capillum
566 1609 600 1670 et
627 1606 766 1671 barbam
789 1619 952 1691 magnam.
998 1602 1056 1670 Su·
1069 1615 1109 1671 11

37 1692 138 1776 scipit
166 1691 347 1777 Cossinius,
386 1692 541 1759 Fructum
568 1697 606 1758 ut
634 1695 703 1759 ovis
733 1716 750 1758 e
782 1693 859 1758 lana
889 1694 930 1758 ad
957 1695 1057 1759 vesti-

37 1785 195 1864 mentum,
219 1782 265 1846 sie
284 1803 382 1866 capra
400 1803 417 1846 e
435 1783 513 1866 pilis
532 1783 701 1847 ministrat
720 1783 760 1847 ed
778 1805 873 1848 usum
890 1783 1059 1848 nauticum

38 1873 72 1935 et
100 1869 141 1934 ad
170 1871 285 1934 bellica
311 1875 475 1935 tormenta
504 1874 537 1936 et
562 1870 696 1936 fabrilia
725 1893 812 1937 vasa.
857 1893 961 1955 neque
993 1893 1058 1936 non

38 1959 200 2044 quaedam
224 1959 373 2025 nationes
396 1960 514 2025 harum
537 1960 678 2044 pellibus
702 1962 778 2024 sunt
798 1961 945 2038 vestitae,
968 1960 1059 2023 utin

38 2047 194 2112 Gaetulia
230 2052 264 2112 et
295 2049 330 2112 in
363 2047 521 2114 Sardinia.
567 2049 657 2114 cuius
689 2071 786 2113 usum
818 2052 898 2133 aput
931 2049 1057 2113 anticos

38 2157 168 2221 quoque
201 2135 342 2202 Graecos
374 2136 475 2202 fuisse
508 2140 662 2222 apparet,
695 2137 782 2221 quod
813 2137 847 2201 in
879 2136 1057 2220 tragoediis

38 2217 134 2289 senes
159 2225 200 2288 ab
223 2225 285 2290 hac
308 2226 392 2311 pelle
415 2231 573 2291 vocantur
592 2225 796 2309 diphtherice
819 2229 852 2290 et
875 2225 910 2288 in
932 2247 1058 2292 comoe-

38 2313 103 2377 diis
127 2314 183 2397 qui
204 2313 240 2376 in
263 2315 385 2380 rustico
409 2336 505 2399 opere
528 2319 705 2399 morantur,
728 2319 764 2379 ut
783 2318 863 2398 aput
882 2313 1058 2379 Caecilium

38 2402 73 2466 in
101 2400 363 2486 Hypobolimaeo
391 2404 492 2467 habet
524 2403 729 2488 adulescens,
762 2407 842 2488 aput
870 2402 1057 2468 Terentium

38 2492 74 2555 in
93 2488 462 2559 Heautontimorumeno
482 2514 587 2557 senex.
618 2492 803 2575 tondentur,
822 2491 908 2575 quod
927 2491 1057 2577 magnis
1070 2499 1111 2556 12

38 2579 127 2644 villis
152 2583 238 2663 sunt,
260 2580 296 2644 in
318 2601 438 2665 magna
460 2584 552 2664 parte
575 2579 752 2665 Phrygiae3
788 2580 872 2644 unde
895 2579 1003 2644 cilicia
1026 2583 1059 2643 et

38 2670 149 2732 cetera
171 2669 240 2732 eius
264 2669 392 2754 generis
416 2669 522 2734 solent
545 2669 623 2734 fieri.
669 2668 725 2733 sed
744 2668 830 2753 quod
853 2668 994 2751 primum
1021 2689 1059 2732 ea

38 2759 176 2823 tonsura
199 2758 233 2819 in
252 2755 366 2822 Cilicia
390 2758 433 2822 sit
454 2757 618 2840 instituta,
641 2779 761 2822 nomen
783 2757 816 2821 id
835 2754 953 2821 Cilicas
973 2755 1058 2821 adie-

39 2845 125 2909 cisse
148 2844 267 2910 dicunt.

97 3037 319 3119 ‘'lvelamina]
338 3038 475 3119 uellimna
545 3037 615 3120 quo]
635 3055 754 3106 quorum
814 3037 844 3091 in
862 3054 913 3093 om.
976 3035 1059 3119 ¹.¹.i¹¹

38 3107 124 3164 italia
197 3114 229 3162 12
250 3125 284 3163 ex
303 3108 398 3165 cilicia
475 3114 508 3162 14
526 3109 656 3163 tie1mum
674 3124 805 3163 maenam
883 3113 916 3163 17
936 3124 1059 3163 eosrmus

39 3184 75 3235 18
96 3194 195 3247 caprae
213 3180 288 3249 pilus
348 3186 383 3236 20
401 3180 501 3235 horum
556 3186 589 3234 21
609 3179 741 3249 antiquos
761 3180 881 3249 (anticos
899 3180 957 3235 eod.
978 3180 1059 3243 Par.)

38 3256 75 3305 26
95 3252 228 3305 tondetur

132 3414 148 3463 '1
170 3409 314 3467 uelamina
336 3427 363 3465 m
386 3416 411 3466 et
433 3410 559 3484 Scaliger
583 3412 658 3468 caut.
680 3411 715 3467 in
735 3409 829 3466 Vara.
850 3409 886 3460 de
899 3407 969 3458 11.
985 3405 1015 3452 V
1041 3407 1088 3452 su

38 3497 61 3551 p.
78 3482 119 3534 37
185 3485 221 3534 12
239 3498 274 3536 ex
292 3480 428 3541 Siciliae
504 3490 543 3542 20
560 3485 706 3543 hammo
781 3486 825 3536 ‘cb
838 3473 1010 3532 manemus
1024 3480 1046 3516 Ὃ
