2386 3742
122 109 140 172 7
144 110 163 174 8
532 111 720 168 VARRONIS

121 277 208 340 sum3
231 260 400 340 praeterea
424 258 507 342 quod
533 261 607 322 ante
630 257 843 322 admissuram
863 255 979 320 diebus
999 256 1125 342 triginta

121 345 277 410 arietibus
301 367 339 410 ao
361 348 465 411 tauris
489 347 584 411 datur
611 347 684 429 plus
708 346 786 429 eibi,
814 347 852 408 ut
874 345 960 410 vires
983 345 1127 429 habeant,
1162 404 1164 427 ,

120 434 251 498 feminis
275 434 381 499 bubus
405 435 554 518 demitur,
577 435 663 520 quod
687 435 904 499 maoesoentes
924 434 1044 498 melius
1063 454 1127 498 oon·
1162 444 1164 483 ἑ

68 522 226 605 18eipere
256 522 413 589 dicuntur.
464 523 605 588 secunda
638 545 715 607 pars
743 526 794 588 est
821 522 861 587 de
888 522 1006 586 fetura.
1050 543 1127 587 nune

119 610 248 693 appello
267 610 409 676 feturam
429 634 448 676 a
467 616 625 695 conceptu
644 611 684 675 ad
703 615 846 696 partum:
878 611 915 675 hi
936 611 1026 675 enim
1044 625 1152 696 prae-⁵

118 699 282 782 gnationis
305 700 403 785 primi
426 705 459 764 et
482 702 616 765 extremi
643 700 734 766 fines.
784 721 884 785 quare
911 699 1057 783 primum
1088 700 1126 763 vi·
1162 712 1164 717 '

118 787 255 851 (lendum
277 788 315 852 de
336 789 541 872 admissione,
561 811 624 873 quo
643 811 789 873 quaeque
808 792 954 871 tempore
970 792 1009 853 ut
1023 789 1128 853 ineant

117 876 223 941 faeere
250 882 409 961 oporteat.
455 900 532 942 nam
560 883 597 942 ut
625 878 722 942 suillo
749 878 859 961 pecori
886 900 906 941 a
934 876 1069 942 favonio
1092 877 1127 942 ad

118 965 359 1050 aequinoctium
390 989 525 1032 vernum
556 970 677 1050 putant
709 971 837 1050 aptum,
878 967 924 1030 sio
956 966 1059 1030 ovillo
1091 966 1127 1030 ab

118 1055 239 1118 araturi
262 1076 379 1120 occasu
406 1077 507 1139 usque
536 1055 576 1119 ad
607 1056 734 1139 aquilae
757 1077 917 1120 oceasum.
961 1058 1152 1138 praeteream

116 1141 268 1206 habenda
294 1144 392 1224 ratio,
423 1146 544 1228 quanto
573 1147 748 1228 antequam
780 1143 917 1226 incipiat
949 1143 1127 1209 admissura

117 1231 187 1294 fieri
214 1253 319 1295 mares
348 1253 367 1295 a
389 1232 520 1296 feminis
545 1236 686 1298 secretos
708 1233 866 1316 habeant,
894 1231 983 1317 quod
1007 1232 1077 1297 fere
1098 1232 1126 1296 in

118 1319 268 1383 omnibus
291 1320 377 1384 binis
401 1322 566 1386 mensibus
591 1325 666 1387 ante
689 1321 814 1386 faciunt
836 1326 870 1385 et
888 1321 1082 1386 armentarii
1099 1324 1127 1384 et

65 1421 104 1478 19
117 1409 283 1492 opiliones.
329 1408 433 1474 altera
456 1433 531 1494 pars
556 1415 621 1493 est,
643 1411 678 1474 in
700 1410 807 1474 fetura
831 1432 914 1493 quae
935 1409 1004 1472 sint
1023 1410 1126 1474 obser·

116 1498 236 1580 venda,
268 1498 353 1581 quod
384 1499 448 1563 alia
477 1499 541 1563 alio
574 1503 721 1582 tempore
753 1519 865 1581 parere
898 1499 993 1564 solet.
1050 1511 1153 1583 equae

117 1588 202 1651 enim
234 1590 380 1651 ventrem
412 1588 477 1652 fert
509 1587 678 1652 duodecim
710 1609 852 1669 menses,
884 1608 985 1652 vaooa
1013 1587 1127 1663 decem,

117 1676 186 1738 ovis
210 1679 242 1738 et
265 1698 362 1759 capra
386 1677 513 1759 quinos,
538 1699 592 1740 sus
617 1680 776 1759 quattuor.
822 1677 857 1740 in
879 1675 988 1740 fetura
1010 1696 1063 1740 res
1086 1676 1127 1738 in·

116 1763 279 1827 credibilis
304 1767 354 1827 est
376 1765 410 1828 in
428 1763 598 1848 Hispania,
622 1764 678 1828 sed
703 1768 752 1829 est
770 1786 856 1847 vera,
878 1765 966 1848 quod
985 1764 1021 1828 in
1039 1762 1125 1830 Lusi·

115 1851 207 1915 tania
235 1852 276 1915 ad
305 1873 463 1917 oceanum
490 1855 524 1917 in
552 1876 590 1917 ea
622 1853 770 1938 regione,
801 1854 858 1916 ubi
891 1857 942 1917 est
974 1853 1125 1936 oppidum

116 1939 254 2024 Olisipo,
286 1945 395 2006 monte
429 1941 537 2028 Tagro
570 1943 728 2025 quaedam
760 1963 777 2006 e
809 1946 907 2006 vento
939 1942 1154 2025 concipiunln

115 2033 202 2094 certo
226 2033 372 2113 tempore
395 2053 510 2115 equae,
539 2035 576 2095 ut
604 2030 657 2095 hio
685 2031 827 2114 gallinae
856 2051 984 2115 quoque
1016 2031 1126 2111 solent,

115 2140 250 2202 quarum
279 2142 340 2183 ova
368 2119 562 2203 hypenemia
590 2120 763 2202 appellant.
809 2119 865 2182 sed
892 2141 931 2183 ex
960 2118 1014 2183 his
1040 2118 1125 2202 equis

115 2208 171 2289 qui
192 2208 262 2271 nati
285 2206 377 2290 pulli,
400 2229 465 2272 non
488 2209 561 2292 plus
584 2208 759 2271 triennium
783 2208 907 2272 vivunt.
944 2229 1027 2292 quae
1052 2210 1126 2272 nata

114 2298 190 2358 sunt
217 2298 346 2359 matura
375 2299 408 2359 et
435 2297 546 2381 eorda,
574 2299 611 2360 ut
637 2318 717 2381 pure
746 2300 778 2360 et
805 2297 947 2360 molliter
971 2299 1063 2361 stent
1084 2295 1125 2360 vi·

114 2383 252 2447 dendum
281 2388 313 2447 et
339 2406 379 2448 ne
409 2385 609 2450 obterantur.
659 2385 809 2450 dicuntur
836 2385 913 2469 agni
941 2385 1046 2468 cordi,
1075 2383 1155 2468 quia

112 2477 189 2556 post
215 2477 343 2556 tempus
371 2479 550 2538 naseuntur
579 2496 615 2539 ac
643 2477 869 2537 remanserunt
892 2474 926 2537 in
948 2474 1057 2539 volvis
1081 2477 1125 2538 in·

60 2573 102 2631 20
112 2561 210 2627 timis.
233 2584 251 2624 a
275 2566 392 2628 vocant
416 2564 558 2646 chorion,
582 2585 601 2627 a
625 2584 689 2646 quo
713 2562 801 2626 cordi
825 2562 992 2645 appellati.
1028 2563 1126 2627 tertia

113 2672 163 2714 res
188 2654 247 2732 est,
270 2653 304 2717 ia
327 2653 493 2717 nutricatu
517 2673 599 2736 quae
624 2652 791 2717 observari
814 2655 973 2734 oporteat,
1003 2651 1125 2738 inquo

201 2832 217 2877 4
236 2827 321 2896 nuno]
342 2844 399 2879 nun
471 2830 488 2879 8
508 2826 638 2895 oporteat
656 2826 779 2894 (oportet
803 2825 834 2893 V,
855 2826 986 2894 oporteat
998 2827 1126 2907 plurimo

111 2896 282 2964 apopraplia)
394 2912 495 2965 pecore
600 2895 735 2967 touillo]
755 2895 825 2950 ouili
926 2900 959 2949 14
979 2896 1125 2966 opiliones

111 2971 145 3020 20
164 2966 283 3035 obsippo
391 2973 424 3021 22
444 2984 499 3022 oua
516 2966 659 3022 ianenemi
677 2968 824 3037 appellant
842 2983 946 3037 opopa,
976 2983 1032 3023 oua
1051 2969 1126 3022 iane·

112 3035 207 3091 nemia
224 3037 406 3107 appellabant
424 3039 483 3093 Pol.
564 3043 598 3092 28
618 3040 648 3092 in
665 3044 729 3093 ante
746 3038 890 3092 nutricatu
909 3054 959 3094 om.
1040 3039 1125 3109 qnae]

113 3125 168 3176 qua
201 3181 211 3247 )
252 3108 395 3163 obseruari
413 3109 567 3178 (adseruari
585 3111 661 3178 Pol,
680 3109 823 3164 obseruari
842 3110 908 3164 libri
925 3127 1012 3165 aranu
1029 3111 1127 3181 scripti

111 3195 199 3234 omnes
490 3191 501 3223 0

198 3326 308 3378 4nnno
327 3321 439 3391 appello
459 3322 606 3377 Ianuarias
704 3323 833 3391 8peeori
851 3340 898 3377 mo
1001 3322 1125 3377 aonillo

106 3392 248 3453 &oneras
319 3398 355 3448 14
374 3391 512 3464 opiliones
531 3410 578 3450 mo
658 3399 691 3446 20
711 3393 812 3462 olisipo
836 3395 920 3449 codex
943 3394 1126 3451 Florentiam

87 3465 129 3513 22
146 3479 205 3519 ona
223 3460 375 3539 ὑπηνέμια
393 3466 559 3524 Politiaaas
632 3470 670 3520 ‘28
689 3480 762 3533 quae
778 3464 954 3518 anseromia
