2386 3742
144 125 208 190 130
550 125 735 180 VARRONIS

141 271 303 357 leporario
326 273 420 354 pater
442 275 530 354 tuus,
558 270 636 352 Axi,
664 274 890 356 praeterquam
914 271 1116 354 lepusculum
1136 291 1150 333 e

141 359 314 425 venatione
337 359 418 424 vidit
439 381 625 443 numquam.
667 380 771 443 neque
795 360 882 423 enim
906 362 978 422 erat
1001 379 1150 444 magnum

142 448 175 512 id
205 452 366 532 saeptum,
399 448 485 532 quod
519 469 604 512 nunc
633 453 670 512 ut
697 447 819 512 habeat
846 448 967 512 multos
996 469 1093 530 apros
1119 467 1149 510 ac

142 557 288 619 capreas,
321 537 477 621 conplura
508 537 621 621 iugera
653 537 801 600 maceriis
834 535 1042 602 concludunt.
1091 556 1147 599 non

141 629 191 707 tu,
224 624 332 708 inquit
357 625 453 710 mihi,
488 647 561 689 cum
590 625 698 688 emisti
725 623 859 689 fundum
889 624 1109 689 Tusculanum
1132 638 1190 693 01,

113 712 186 780 9Μ.
205 713 333 795 Pisone,
356 714 390 777 in
409 713 569 797 leporario
594 714 665 797 apri
688 712 820 777 fuerunt
842 711 959 791 multi?
997 712 1033 776 in
1061 712 1146 777 tertia

140 802 228 886 parti
262 803 334 885 quis
366 802 509 866 habebat
539 803 698 884 piscinam
731 802 794 865 nisi
828 801 953 866 dulcem
985 805 1020 865 et
1051 802 1084 865 in
1116 821 1146 864 ea

141 891 310 955 dumtaxat
332 890 463 975 squalos
483 912 520 954 ac
538 890 676 974 mugiles
695 890 822 972 pisces?
849 891 921 974 quis
941 893 1057 954 contra
1073 909 1145 954 nuno

140 979 291 1044 minthon
314 1001 379 1042 non
403 979 480 1043 dicit
504 1001 562 1043 sua
584 978 668 1042 nihil
690 980 861 1056 interesse,
888 981 999 1043 utrum
1032 979 1071 1043 iis
1092 978 1144 1061 pis·

141 1068 231 1132 cibus
251 1072 405 1151 stagnum
423 1066 545 1132 habeat
561 1068 692 1150 plenum
708 1089 750 1131 an
764 1066 873 1132 ranis?
897 1064 964 1131 nor'r
978 1066 1168 1151 Philippust
1184 1100 1188 1133 3

142 1177 214 1219 cum
243 1155 292 1220 ad·
307 1156 506 1222 meidium
535 1156 699 1239 hospitem
723 1154 833 1221 Casini
856 1155 1050 1220 devertisset
1074 1153 1144 1219 etei

143 1265 159 1307 e
192 1246 248 1308 tuo
280 1244 411 1307 flumine
443 1244 555 1327 lupum
587 1245 706 1327 piscem
739 1244 920 1309 formosum
953 1243 1145 1327 adposuisset

142 1335 237 1416 atque
268 1333 322 1396 ille
350 1336 517 1417 gustasset
544 1336 577 1397 et
609 1333 786 1416 expuisset,
818 1332 908 1414 dixit,
940 1331 1091 1416 epeream,
1117 1329 1145 1394 ui

88 1423 263 1507 10piscem
286 1419 527 1504 putavi-esse’?
565 1421 611 1486 sic
633 1427 747 1486 nostra
774 1424 863 1485 aetas
887 1421 923 1485 in
945 1443 1043 1505 quam
1068 1421 1144 1485 luxu·

140 1509 224 1574 riam
251 1510 446 1595 propagavit
474 1510 650 1594 leporaria,
681 1510 742 1574 hac
773 1510 916 1593 piscinas
946 1510 1086 1593 protulit
1113 1506 1169 1572 adt

140 1620 228 1663 mare
262 1602 295 1662 et
326 1598 361 1662 in
394 1619 448 1662 eas
480 1598 628 1682 pelagios
661 1619 776 1683 greges
808 1599 946 1682 piscium
984 1597 1145 1664 revocavit

139 1709 204 1750 non
231 1689 365 1772 propter
392 1686 451 1750 has
483 1687 638 1769 appellati
668 1684 799 1771 Sergius
823 1685 924 1751 Orata
954 1690 987 1751 et
1015 1686 1145 1752 licinius

140 1774 298 1839 Murena?
337 1775 409 1858 quis
435 1776 520 1838 enim
544 1779 677 1858 propter
699 1776 886 1840 nobilitates
911 1775 1043 1859 ignorat
1064 1772 1146 1858 pisci-

140 1885 200 1927 nas
223 1862 378 1947 Philippi,
401 1862 567 1947 Hortensi,
590 1861 822 1929 Lucullorum?
853 1885 951 1948 quare
970 1863 1055 1928 unde
1076 1862 1145 1928 velis

85 1965 126 2021 IV
140 1974 192 2016 me
215 1952 366 2035 incipere,
389 1952 461 2036 Axi,
486 1952 544 2017 dic.
589 1952 657 2034 Ille,
680 1952 752 2036 Ego
775 1973 863 2036 vero,
886 1952 1001 2035 inquit,
1024 1974 1046 2016 0
1067 1953 1170 2036 posen

139 2041 315 2124 principiis,
334 2044 372 2104 ut
390 2041 482 2105 aiunt
500 2041 534 2105 in
553 2041 679 2123 castris,
701 2041 735 2105 id
756 2044 806 2105 est
825 2041 865 2104 ab
884 2040 936 2104 his
955 2040 1144 2124 temporibus

140 2152 237 2214 quam
261 2130 496 2213 superioribus,
524 2129 608 2213 quod
640 2151 679 2193 ex
706 2129 888 2212 pavonibus
916 2129 1041 2194 fructus
1070 2127 1144 2211 capi·

141 2222 239 2282 untur
262 2218 400 2281 maiores
424 2237 522 2302 quam
546 2240 562 2281 e
586 2218 727 2302 gallinis.
774 2222 869 2302 atque
901 2218 981 2283 adeo
1004 2240 1071 2283 non
1093 2217 1144 2280 dis·

141 2306 310 2383 simulabo,
334 2305 419 2389 quod
443 2308 517 2371 volo
542 2306 580 2370 de
605 2307 776 2371 ornithone
798 2307 948 2391 primum,
972 2307 1058 2390 quod
1076 2301 1144 2371 lucri

138 2393 285 2459 feceruut
307 2395 369 2459 hoc
392 2416 511 2458 nomen
533 2395 629 2460 turdi.
672 2396 842 2479 sexaginta
865 2396 950 2460 enim
974 2396 1065 2461 milia
1086 2393 1171 2458 sies

140 2485 243 2548 selina
266 2484 404 2548 excandc
428 2505 479 2548 me
502 2483 646 2548 fecerunt
669 2484 853 2567 cupiditate.

109 2580 127 2635 2
226 2571 360 2654 Merula,
382 2571 455 2637 Duo
476 2594 596 2658 genera
610 2577 694 2656 sunt,
712 2573 827 2656 iuquit,
846 2571 1039 2657 ornithonis
1056 2591 1146 2636 unum

140 2661 364 2726 delectationis
398 2683 508 2740 causa,
546 2665 583 2725 ut
613 2660 719 2726 Varro
756 2661 808 2725 hic
840 2661 918 2725 fecit
949 2665 1063 2726 noster
1095 2658 1145 2724 sub

230 2851 321 2905 larii
393 2850 471 2934 3irfl
490 2853 526 2907 ad
599 2853 630 2906 ut
649 2852 773 2907 habeant
842 2852 939 2920 tquis
958 2852 1066 2908 habeat
1084 2848 1147 2921 (quis

138 2922 224 2977 habet
247 2921 285 2992 V)
340 2923 485 2978 9mithon
541 2928 573 2976 11
593 2922 754 2977 immidium
809 2922 970 2978 diuertisect
1027 2929 1059 2978 15
1078 2923 1147 2992 lepo-

139 2993 227 3047 rarias
251 3009 284 3048 ao
307 2993 429 3062 piscinas
460 2993 611 3064 (leporaria
634 3011 668 3048 ac
691 2993 814 3064 piscinas
838 2994 876 3065 V)
948 3000 983 3049 20
1007 2993 1100 3064 iuquit
1121 2992 1148 3047 ut

139 3064 218 3119 aiunt
236 3067 301 3134 post
317 3063 459 3136 principia
478 3066 508 3119 in
527 3065 626 3120 castris
669 3071 702 3119 21
722 3065 812 3121 abiis
849 3070 883 3119 25
903 3065 1023 3120 fircilina
1059 3071 1094 3120 27
1112 3080 1148 3118 or

137 3136 268 3190 nithones
287 3136 454 3206 (ornithonis
479 3136 518 3205 V)

138 3256 300 3263 *φῆ-..4

225 3337 242 3384 3
259 3330 289 3385 id
313 3332 459 3400 septumo
533 3329 693 3386 shabebat
717 3331 855 3386 Victorius
927 3335 943 3384 9
967 3330 1139 3388 minthot'o

119 3400 238 3456 lamella
266 3402 354 3458 VIII
369 3406 454 3474 1o,4
528 3407 564 3458 11
584 3400 762 3457 Ummidium
784 3402 905 3470 Scaliger
984 3402 1151 3458 deuertisset

106 3472 171 3527 coca
190 3473 265 3531 Par.
346 3483 383 3534 20
405 3495 424 3534 a
441 3473 667 3552 postprincipiis
686 3473 807 3542 Scaliger
875 3476 915 3523 ‘m
929 3471 1060 3526 stamas
