2386 3742
126 155 170 220 54
204 111 207 116 ⁵
545 154 730 211 vneaours

125 302 160 365 in
184 298 362 385 oleagineis
387 299 564 365 seminibus
588 300 750 382 [arbores]
774 299 948 365 videndum
975 303 1014 380 ut
1036 298 1083 364 sit
1106 299 1145 365 de

125 395 238 455 tenero
261 410 353 454 ramo
378 411 417 453 ex
439 393 576 472 utraque
599 393 691 471 parte
715 388 930 472 aequabiliter
949 389 1144 474 praecisum,

127 500 208 561 quas
232 477 288 542 alii
311 478 463 562 stercolae,
486 478 542 542 alii
565 477 668 541 taleas
693 477 861 561 appellant
884 499 921 542 ac
940 477 1067 543 faciunt
1086 478 1144 543 eir·

97 567 207 634 boiter
234 566 374 649 pedales.
421 572 573 650 quartum
603 585 704 651 genus
734 566 880 649 seminis,
909 566 995 652 quod
1023 567 1144 632 transit
1175 580 1178 585 '

42 725 45 732 ,
126 677 166 720 ex
189 656 303 720 arbore
326 656 362 720 in
384 656 491 739 aliam,
514 655 688 720 videndum
712 677 777 739 qua
796 676 834 719 ex
854 656 969 720 arbore
987 656 1022 719 in
1042 677 1142 739 quam
1163 674 1173 715 ι

125 743 344 810 transferatur
367 748 401 809 et
424 765 486 827 quo
510 748 655 827 tempore
679 746 712 807 et
735 765 830 828 quem
850 743 1043 809 admodum
1063 744 1144 809 obli·

126 838 230 920 getur.
275 855 342 899 non
365 834 452 898 enim
475 833 582 916 pirum
605 832 721 915 recipit
744 854 893 918 quercus:
925 854 1031 916 neque
1057 833 1144 897 enim

126 923 154 988 si
178 923 284 987 malus
308 923 424 1005 pirum.
468 922 531 986 hoo
561 923 712 986 secuntur
736 922 845 1005 multi,
875 921 931 1006 qui
952 921 1143 1006 haruspices

127 1011 263 1076 audiunt
287 1011 463 1092 [multum]‚
487 1033 507 1074 a
529 1010 646 1094 quibus
670 1010 843 1094 proditum,
873 1011 907 1075 in
931 1010 1072 1094 singulis
1095 1033 1143 1074 ar·

125 1099 259 1165 boribus
284 1102 364 1182 quot
388 1119 508 1183 genera
530 1099 630 1164 insita
653 1099 727 1182 sint,
752 1120 817 1164 uno
839 1100 907 1164 ictu
929 1101 981 1163 tot
1003 1098 1143 1164 fulmina
1154 1118 1175 1158 ιι

125 1189 196 1251 fieri
218 1188 293 1251 illut
317 1188 402 1289 quod
425 1187 550 1252 fulmen
574 1149 730 1288 concepit.
777 1187 805 1252 si
828 1188 864 1252 in
886 1188 995 1271 pirum
1019 1188 1142 1252 silvati-

126 1298 197 1341 cam
220 1276 394 1340 inserueris
417 1276 540 1379 pirum
550 1277 699 1360 quamvis
723 1276 858 1360 bonam,
890 1298 957 1341 non
979 1275 1090 1342 foret
1075 1279 1142 1340 tam

127 1364 314 1448 iucundam,
349 1387 445 1448 quem
476 1366 503 1429 si
531 1365 565 1429 in
593 1386 664 1430 earn
692 1387 775 1448 quae
804 1365 944 1430 silvest
919 1387 963 1429 r1s
992 1387 1060 1430 non
1090 1365 1141 1430 sie

97 1453 162 1518 bin
190 1475 424 1538 quamcumque
452 1454 634 1518 arborem
625 1475 764 1538 mseras,
795 1453 823 1518 si
847 1453 989 1518 eiusdem
1013 1454 1139 1539 generis

126 1546 185 1625 est,
204 1543 374 1608 dumtaxat
392 1545 430 1606 ut
448 1542 542 1606 sitt
505 1564 526 1605 ιι
528 1547 642 1626 traque
657 1543 772 1626 malus,
791 1543 863 1607 ita
853 1563 995 1608 1nsercre
1010 1546 1169 1626 oportetn

42 1631 45 1635 ’
126 1631 319 1695 referentem
344 1632 383 1696 ad
402 1630 554 1716 fructum,
577 1630 710 1696 meliore
729 1652 846 1717 genere
865 1635 903 1695 ut
921 1632 964 1696 sit
983 1632 1139 1714 surculus,

127 1741 225 1804 quam
255 1723 306 1784 est
340 1742 403 1804 quo
435 1720 544 1784 veniat
577 1720 682 1784 arbor.
733 1724 783 1784 est
815 1722 917 1786 altera
950 1721 1075 1804 species
1104 1742 1139 1785 ex

127 1809 242 1873 arbore
275 1810 309 1872 in
342 1809 493 1874 arborem
524 1809 686 1873 inserendi
719 1831 822 1894 nuper
854 1809 1081 1874 animadversa
1107 1810 1138 1873 in
1177 1880 1183 1897 δ

41 1919 43 1922 ’
127 1898 298 1962 arboribus
330 1898 529 1982 propinquis.
585 1920 624 1961 ex
656 1899 786 1980 arbore,
819 1920 882 1981 qua
914 1897 985 1962 vult
1022 1898 1138 1963 habere

127 1987 305 2070 surculum,
332 1988 367 2051 in
396 2010 466 2052 earn
494 2008 591 2070 quem
621 1986 762 2051 inserere
789 1987 859 2051 vult
886 1987 1050 2052 ramulum
1077 1990 1167 2052 tre-²⁰

127 2076 215 2140 ducit
249 2079 282 2139 et
313 2076 348 2140 in
381 2076 449 2140 eius
483 2098 574 2140 ramo
603 2077 750 2159 praeciso
779 2098 816 2140 ac
845 2075 971 2141 diffisso
999 2076 1140 2160 inplicat,

128 2186 201 2228 eum
224 2164 330 2229 locum
355 2165 410 2248 qui
434 2164 667 2248 contingitur
686 2189 707 2228 ιι
708 2168 821 2247 traque
840 2168 932 2317 parte
952 2165 1067 2248 quod
1057 2168 1107 2229 1nt
1108 2185 1140 2228 ro
1186 2182 1188 2237 ξ

127 2256 177 2316 est
163 2252 282 2315 tfalce
301 2255 520 2336 extenuatum,
543 2254 590 2317 ita
609 2256 646 2317 ut
664 2275 703 2317 ex
723 2274 787 2317 una
805 2256 880 2336 part
882 2276 893 2316 1
884 2253 998 2337 quod
1017 2253 1140 2319 caelum
1186 2292 1188 2339 3

126 2340 273 2405 visurum
297 2345 347 2404 est
370 2340 525 2406 corticem
548 2363 620 2406 cum
641 2342 760 2406 cortice
779 2346 994 2426 exaequatum
1013 2341 1188 2408 habeat}

127 2429 197 2494 eius
227 2429 345 2494 namuh
351 2480 360 2514 ‚
390 2453 486 2514 quem
508 2431 645 2514 inseret,
674 2452 826 2495 cacumen
853 2434 902 2494 ut
913 2431 1077 2496 derectum
1101 2386 1188 2503 situl

128 2519 169 2582 ad
192 2519 316 2584 caelum
336 2524 438 2586 curat.
473 2523 604 2603 postero
624 2541 720 2602 anno,
743 2541 817 2584 cum
836 2518 1037 2604 conprendit,
1060 2519 1143 2591 unde

126 2610 347 2694 propagatum
370 2613 428 2690 est,
406 2609 493 2673 tab
518 2609 564 2673 alt
550 2612 620 2672 tera
643 2570 759 2674 arbdre
782 2608 950 2691 praecidit

63 2710 128 2766 XLI
217 2695 288 2772 Quo
312 2660 458 2780 tempo’re
482 2702 664 2799 quaequet
650 2697 839 2781 transferes
868 2695 1006 2762 haec1n
1030 2697 1144 2780 primis

128 2784 275 2863 videnda,
297 2786 409 2868 [quod]
430 2807 511 2868 quae
530 2788 618 2869 prius
633 2807 731 2851 verno
746 2789 891 2869 ternpore
909 2786 1145 2870 inserebantur,

219 2948 235 2995 3
254 2942 317 2996 alne
341 2941 466 2998 clauolas
494 2943 556 3012 (alii
574 2943 699 2997 clenolas
719 2943 792 3011 Pol,
823 2941 872 2996 alii
891 2941 1030 2997 solauolas
1029 2959 1146 3026 apoqr.

128 3013 260 3082 etVe'ct)
334 3019 367 3068 10
391 3015 467 3083 quod
491 3030 596 3083 genera
669 3021 701 3068 13
727 3013 879 3068 iucundum
902 3029 986 3082 qnam
1012 3011 1038 3066 si
1063 3015 1095 3068 in
1114 3029 1146 3068 ea

130 3088 164 3139 15
183 3084 273 3141 maius
293 3085 393 3151 (malus
417 3086 457 3155 V)
534 3091 569 3140 23
592 3102 648 3139 una
671 3086 747 3154 parti
770 3086 843 3151 Poe,
866 3101 923 3138 nna
945 3084 1025 3153 parte
1050 3101 1146 3161 apoqr

128 3161 163 3210 24
183 3157 288 3211 cortice
309 3172 381 3210 cum
392 3156 503 3210 cerdice
523 3157 668 3226 (corticem
687 3173 751 3210 cum
770 3155 866 3210 codice
889 3155 926 3225 V)
1006 3160 1147 3225 aequae

129 3227 196 3298 que]
216 3242 327 3297 quaque
399 3233 433 3294 29
452 3226 561 3297 quodq;
585 3227 662 3296 prius

211 3370 365 3426 larbores
388 3369 488 3426 deleuit
476 3368 635 3442 tScule'qer
725 3367 881 3423 emultum
904 3369 1001 3425 delevit
1029 3368 1148 3424 Urrimu

104 3441 144 3486 13
161 3438 323 3497 iucundam
348 3449 414 3502 cet
432 3444 493 3501 cod
514 3442 599 3500 Flor.
692 3440 726 3495 in
747 3456 813 3494 eam
827 3455 875 3494 uuo
958 3445 1000 3492 ‘m
1013 3441 1147 3496 corticem

85 3518 161 3561 cvm
181 3513 298 3571 cortice
320 3534 347 3574 m
428 3524 468 3576 28
490 3532 629 3592 quaeque
647 3511 812 3570 transieras
826 3526 874 3564 ιιιιι
