2386 3742
274 128 405 185 RERVM
423 127 662 186 RVSTIOARVM
679 128 748 184 LlB.
767 128 793 183 II
813 133 881 184 7-8
1023 129 1087 194 107

70 273 206 356 farrago
235 273 305 338 dari
333 275 426 339 solet.
471 275 552 340 haec
580 275 666 340 enim
694 274 845 359 purgatio
869 275 1008 339 maxime
1031 297 1087 340 ne-

70 361 215 426 cessaria
247 365 364 448 equino
396 365 515 447 pecori.
570 364 656 449 quod
690 363 803 428 diebus
837 363 946 428 decern
980 364 1087 430 facere

70 454 211 534 oportet,
243 473 302 517 neo
336 454 406 536 pati
439 453 540 517 alium
573 454 678 517 ullum
710 453 816 516 cibum
851 458 992 537 gustare.
1045 455 1140 518 ab14

68 539 240 604 undecimo
278 541 329 605 die
362 563 464 626 usque
497 543 537 606 ad
569 545 721 626 quartum
754 541 912 607 decimum
944 542 1086 607 dandum

42 628 237 710 shordeum,
266 630 384 696 cotidie
412 631 605 696 adicientem
629 629 829 695 minutatim:
859 631 945 714 quod
968 637 1085 714 quarto

68 717 122 781 die
146 716 259 783 feceris
266 768 275 801 ,
304 719 339 782 in
369 740 406 784 eo
430 719 540 784 decem
564 719 676 784 diebus
699 717 856 803 proximis
879 714 1086 785 manendum.

67 806 112 870 ab
141 826 180 870 eo
207 810 354 891 tempore
381 807 585 874 mediocriter
608 808 818 872 exercendum
842 810 888 890 et,
916 830 988 872 eum
1012 830 1086 873 con·

67 894 204 976 sudarit,
226 897 492 981 perunguendum
521 897 601 962 oleo.
648 898 675 961 si
702 896 806 981 frigus
830 897 900 978 erit,
929 897 963 961 in
986 898 1086 982 equili

66 983 233 1048 faciendus
252 984 348 1070 ignis.
386 988 460 1070 equi
479 986 563 1069 quod
583 986 640 1050 alii
659 984 794 1049 suntad
817 1006 886 1049 rem
909 985 1086 1050 militarem
1098 993 1138 1052 15

21 1094 52 1135 ro
67 1071 189 1155 idonei,
217 1073 272 1138 alii
296 1073 336 1137 ad
361 1080 533 1157 ¹vecturam,
563 1075 619 1138 alii
641 1075 685 1139 ud
706 1073 936 1157 admissuram,
964 1073 1020 1138 alii
1044 1075 1085 1139 ad

67 1183 251 1244 cursuram,
289 1184 356 1227 non
388 1163 466 1228 item
500 1167 578 1228 sunt
611 1162 779 1246 spectandi
806 1166 903 1246 atque
933 1163 1085 1229 habendi.

66 1250 179 1333 itaque
206 1251 330 1335 peritus
357 1251 437 1316 belli
464 1253 545 1316 alios
575 1252 669 1337 eligit
696 1255 794 1335 atque
822 1251 881 1316 alit
910 1273 947 1316 ac
977 1251 1084 1337 docet,

66 1338 166 1403 aliter
193 1340 418 1423 quadrigarius
442 1363 480 1405 ae
503 1341 659 1425 desultor3
695 1361 800 1424 neque
823 1340 908 1404 idem
933 1341 989 1425 qui
1012 1363 1085 1406 vec-

65 1427 172 1492 torios
195 1428 300 1493 facere
323 1430 393 1492 vult
416 1430 457 1493 ad
480 1429 669 1513 ephippium
693 1433 749 1493 aut
772 1428 812 1492 ad
834 1429 976 1513 raedam,
999 1432 1084 1513 quod

16 1515 111 1582 1sad
133 1537 201 1580 rem
229 1517 416 1602 militarem,
445 1519 531 1602 quod
561 1521 597 1582 ut
620 1518 668 1582 ibi
690 1517 731 1580 ad
755 1521 862 1582 eastra
884 1517 1005 1583 habere
1028 1540 1085 1583 vo—

63 1607 141 1670 lunt
163 1627 262 1689 acres,
288 1607 335 1671 sio
358 1611 473 1672 contra
495 1607 530 1671 in
553 1607 614 1671 viis
637 1607 758 1671 habere
781 1606 906 1670 malunt
929 1606 1084 1691 placidos.

63 1697 202 1780 propter
224 1694 308 1778 quod
327 1696 502 1760 discrimen
520 1696 659 1760 maxime
678 1694 867 1759 institutum
886 1697 922 1760 ut
942 1699 1084 1774 opstrcn-

63 1789 121 1847 tur
145 1783 227 1867 equi
264 1783 404 1867 demptis
428 1786 515 1850 enim
533 1782 694 1849 testiculis
712 1783 796 1847 fiunt
815 1783 904 1868 quiet
905 1784 998 1868 iores,
1023 1787 1082 1866 [et]

63 1872 140 1936 ideo
170 1873 256 1955 quod
284 1873 407 1939 semine
435 1876 555 1939 carent
600 1874 624 1936 ii
653 1872 811 1936 cantherii
840 1872 1012 1957 appellati,
1046 1881 1083 1938 ut

16 1983 50 2027 20
64 1961 102 2025 in
126 1961 226 2025 subus
249 1962 393 2047 maiales,
417 1963 513 2048 gallis
530 1961 724 2064 gallinaceis
744 1963 824 2044 capi.
862 1961 901 2024 de
921 1961 1136 2031 medicinalss

60 2049 119 2114 vel
143 2050 284 2133 plurima
308 2053 414 2115 sunt
405 2074 439 2115 rn
463 2051 554 2136 equis
579 2055 612 2115 et
635 2049 730 2134 signa
753 2050 941 2114 morborum
965 2054 998 2114 et
1030 2070 1083 2135 ge-

64 2159 146 2202 nera
160 2141 375 2241 curationum,
394 2162 476 2225 quae
496 2143 662 2240 pastorem
674 2139 777 2240 script
779 2161 799 2203 a
763 2138 932 2203 habere
947 2143 1083 2222 oportet.

64 2228 178 2310 itaque
201 2228 241 2292 ab
265 2228 385 2293 hocin
408 2228 625 2294 Graeciat
566 2231 625 2312 pot
625 2228 773 2293 issimum
796 2227 912 2292 medici
930 2248 1084 2310 pecorum

66 2315 237 2401 ίππίατροι
261 2318 424 2401 appellati.

17 2427 50 2469 as
156 2403 238 2468 Cum
265 2406 346 2470 haec
373 2407 591 2491 loqueremur,
617 2405 708 2471 venit
694 2404 906 2469 ttaMcnae
937 2406 1035 2470 libert
1021 2410 1083 2492 t,us
1092 2423 1158 2479 vm

65 2492 122 2577 qui
146 2493 233 2558 dicat
255 2494 324 2559 liba
347 2496 498 2560 absoluta
521 2515 591 2558 esse
614 2496 647 2558 et
670 2515 737 2557 rem
757 2493 900 2583 divinam
920 2498 1083 2579 paratam3

65 2582 94 2645 si
117 2583 249 2665 vellent,
226 2583 420 2648 trenirent
443 2584 520 2648 illuc
543 2583 607 2647 et
598 2583 661 2684 1psi
680 2604 740 2666 pro
761 2603 794 2646 se
815 2582 1034 2647 sacrificarent
1020 2586 1082 2649 tur.

63 2669 138 2754 Ego
157 2692 244 2753 vero,
267 2672 411 2756 inquam,
434 2694 492 2737 ros
517 2673 621 2735 ante
612 2692 658 2734 1re
678 2692 744 2734 non
762 2671 882 2753 patiar,
906 2674 1083 2755 antequam

65 2759 146 2822 mihi
170 2722 373 2825 reddideritis
397 2760 531 2825 tertium
554 2763 663 2824 aetum
687 2759 725 2822 de
749 2758 857 2841 mulis,
876 2759 915 2822 de
934 2761 1081 2845 canibus,

154 2920 171 2968 5
197 2917 314 2972 cottidie
386 2922 402 2971 7
427 2876 603 2972 extriendum
675 2915 945 2984 8perungusndum
970 2918 1083 2987 (perun-

62 2987 188 3068 gendum
212 2987 239 3042 V
254 2994 279 3042 et
296 2990 433 3043 nonnulla
451 2987 624 3058 opopropho)
697 2987 810 3057 aequi]
830 2986 910 3056 equis
979 2995 1013 3043 10
1032 2987 1084 3042 alii

63 3056 251 3113 admissuram
326 3065 357 3113 11
378 3061 469 3129 adque
487 3059 611 3113 habendi
684 3062 716 3110 12
736 3058 829 3127 adque
843 3057 895 3112 alit
968 3059 1082 3114 13111-

63 3127 156 3184 sultor
175 3131 219 3198 (ac
238 3129 330 3184 desult
320 3134 363 3184 tor
387 3131 425 3200 V)
472 3136 505 3184 14
525 3128 714 3198 adpraedam
733 3129 807 3196 quod
825 3131 858 3182 ut
876 3129 912 3181 ad
930 3146 990 3182 rem
1008 3129 1082 3184 mili·

63 3201 156 3254 tarem
171 3199 301 3268 quodibi
340 3207 372 3255 19
384 3201 520 3271 appellati
536 3200 728 3272 (appellantur
742 3198 783 3268 V)
821 3204 856 3253 24
874 3191 1081 3256 ΙΙΤΙΤΙΔΤΡΟΙ

155 3348 171 3397 'l
196 3342 417 3399 exercendumo
504 3350 519 3397 9
543 3341 610 3411 equi
631 3360 658 3396 m
744 3345 778 3396 10
807 3341 844 3394 ad
867 3339 1082 3397 admissuramo

64 3417 100 3467 14
119 3413 155 3468 ad
173 3413 290 3468 rhedam
313 3414 431 3469 Ursimre
499 3420 532 3470 18
551 3415 582 3469 et
600 3414 699 3470 delerit
720 3412 879 3469 Pontedera
896 3413 988 3478 ommq.
1005 3414 1102 3476 pm

63 3489 99 3538 24
116 3481 260 3552 [ππιίττροι
279 3486 445 3544 Polslianus
