<?xml version="1.0" encoding="UTF-8"?>
<!DOCTYPE html PUBLIC "-//W3C//DTD XHTML 1.0 Transitional//EN"
    "http://www.w3.org/TR/xhtml1/DTD/xhtml1-transitional.dtd">
<html xmlns="http://www.w3.org/1999/xhtml" xml:lang="en" lang="en">
 <head>
  <title>
</title>
<meta http-equiv="Content-Type" content="text/html;charset=utf-8" />
  <meta name='ocr-system' content='tesseract 3.04.00' />
  <meta name='ocr-capabilities' content='ocr_page ocr_carea ocr_par ocr_line ocrx_word'/>
</head>
<body>
  <div class='ocr_page' id='page_1' title='image "./mterentivarroni01varrgoog/mterentivarroni01varrgoog_0049.png"; bbox 0 0 2386 3742; ppageno 0'>
   <div class='ocr_carea' id='block_1_1' title="bbox 130 125 798 192">
    <p class='ocr_par' dir='ltr' id='par_1_1' title="bbox 130 125 798 192">
     <span class='ocr_line' id='line_1_1' title="bbox 130 125 798 192; baseline -0.003 -10"><span class='ocrx_word' id='word_1_1' title='bbox 130 127 174 192; x_wconf 79' lang='lat'><strong>34</strong></span> <span class='ocrx_word' id='word_1_2' title='bbox 539 125 726 182; x_wconf 84' lang='lat' dir='ltr'><strong>VARRONIS</strong></span> <span class='ocrx_word' id='word_1_3' title='bbox 797 137 798 140; x_wconf 77' lang='grc'>’</span> 
     </span>
    </p>
   </div>
   <div class='ocr_carea' id='block_1_2' title="bbox 130 271 1174 711">
    <p class='ocr_par' dir='ltr' id='par_1_2' title="bbox 130 271 1174 711">
     <span class='ocr_line' id='line_1_2' title="bbox 132 271 1146 355; baseline 0.001 -20"><span class='ocrx_word' id='word_1_4' title='bbox 132 272 224 354; x_wconf 82' lang='lat' dir='ltr'><strong>cipit,</strong></span> <span class='ocrx_word' id='word_1_5' title='bbox 252 273 369 355; x_wconf 87' lang='lat' dir='ltr'><strong>nequis</strong></span> <span class='ocrx_word' id='word_1_6' title='bbox 397 271 437 335; x_wconf 89' lang='lat' dir='ltr'><strong>dc</strong></span> <span class='ocrx_word' id='word_1_7' title='bbox 463 271 563 335; x_wconf 88' lang='lat' dir='ltr'><strong>fundo</strong></span> <span class='ocrx_word' id='word_1_8' title='bbox 594 274 687 335; x_wconf 85' lang='lat' dir='ltr'><strong>exeat</strong></span> <span class='ocrx_word' id='word_1_9' title='bbox 709 275 838 353; x_wconf 85' lang='lat' dir='ltr'><strong>praeter</strong></span> <span class='ocrx_word' id='word_1_10' title='bbox 860 271 992 336; x_wconf 83' lang='lat' dir='ltr'><strong>vilicum</strong></span> <span class='ocrx_word' id='word_1_11' title='bbox 1016 274 1049 336; x_wconf 89' lang='lat' dir='ltr'><strong>et</strong></span> <span class='ocrx_word' id='word_1_12' title='bbox 1074 293 1146 355; x_wconf 87' lang='lat' dir='ltr'><strong>prc-</strong></span> 
     </span>
     <span class='ocr_line' id='line_1_3' title="bbox 132 358 1146 444; baseline 0 -20"><span class='ocrx_word' id='word_1_13' title='bbox 132 383 221 424; x_wconf 92' lang='lat' dir='ltr'><strong>mum</strong></span> <span class='ocrx_word' id='word_1_14' title='bbox 241 364 274 424; x_wconf 92' lang='lat' dir='ltr'><strong>et</strong></span> <span class='ocrx_word' id='word_1_15' title='bbox 292 383 401 442; x_wconf 92' lang='lat' dir='ltr'><strong>unum,</strong></span> <span class='ocrx_word' id='word_1_16' title='bbox 419 382 514 444; x_wconf 90' lang='lat' dir='ltr'><strong>quem</strong></span> <span class='ocrx_word' id='word_1_17' title='bbox 529 361 642 424; x_wconf 86' lang='lat' dir='ltr'><strong>vilicus</strong></span> <span class='ocrx_word' id='word_1_18' title='bbox 657 358 760 444; x_wconf 82' lang='lat' dir='ltr'><strong>legat3</strong></span> <span class='ocrx_word' id='word_1_19' title='bbox 779 360 879 444; x_wconf 90' lang='lat' dir='ltr'><strong>siquis</strong></span> <span class='ocrx_word' id='word_1_20' title='bbox 894 365 1009 425; x_wconf 85' lang='lat' dir='ltr'><strong>contra</strong></span> <span class='ocrx_word' id='word_1_21' title='bbox 1023 361 1146 444; x_wconf 86' lang='lat' dir='ltr'><strong>exierit,</strong></span> 
     </span>
     <span class='ocr_line' id='line_1_4' title="bbox 131 448 1147 532; baseline 0 -19"><span class='ocrx_word' id='word_1_22' title='bbox 131 471 173 513; x_wconf 89' lang='lat' dir='ltr'><strong>nc</strong></span> <span class='ocrx_word' id='word_1_23' title='bbox 195 449 316 530; x_wconf 91' lang='lat' dir='ltr'><strong>inpune</strong></span> <span class='ocrx_word' id='word_1_24' title='bbox 340 449 451 532; x_wconf 80' lang='lat' dir='ltr'><strong>abeat3</strong></span> <span class='ocrx_word' id='word_1_25' title='bbox 475 449 502 512; x_wconf 90' lang='lat' dir='ltr'><strong>si</strong></span> <span class='ocrx_word' id='word_1_26' title='bbox 526 449 653 529; x_wconf 86' lang='lat' dir='ltr'><strong>abierit,</strong></span> <span class='ocrx_word' id='word_1_27' title='bbox 676 448 769 512; x_wconf 91' lang='lat' dir='ltr'><strong>utin</strong></span> <span class='ocrx_word' id='word_1_28' title='bbox 792 449 923 514; x_wconf 86' lang='lat' dir='ltr'><strong>vilicum</strong></span> <span class='ocrx_word' id='word_1_29' title='bbox 945 449 1147 513; x_wconf 82' lang='lat' dir='ltr'><strong>animadver-</strong></span> 
     </span>
     <span class='ocr_line' id='line_1_5' title="bbox 130 535 1147 622; baseline 0.001 -22"><span class='ocrx_word' id='word_1_30' title='bbox 130 541 228 601; x_wconf 80' lang='lat' dir='ltr'><strong>tatur.</strong></span> <span class='ocrx_word' id='word_1_31' title='bbox 274 537 359 621; x_wconf 92' lang='lat' dir='ltr'><strong>quod</strong></span> <span class='ocrx_word' id='word_1_32' title='bbox 382 539 491 621; x_wconf 87' lang='lat' dir='ltr'><strong>potius</strong></span> <span class='ocrx_word' id='word_1_33' title='bbox 514 537 563 601; x_wconf 88' lang='lat' dir='ltr'><strong>ita</strong></span> <span class='ocrx_word' id='word_1_34' title='bbox 585 535 848 619; x_wconf 86' lang='lat' dir='ltr'><strong>praecipiendum</strong></span> <span class='ocrx_word' id='word_1_35' title='bbox 869 538 943 622; x_wconf 86' lang='lat' dir='ltr'><strong>fuit,</strong></span> <span class='ocrx_word' id='word_1_36' title='bbox 964 537 1082 621; x_wconf 83' lang='lat' dir='ltr'><strong>nequis</strong></span> <span class='ocrx_word' id='word_1_37' title='bbox 1101 539 1147 601; x_wconf 92' lang='lat' dir='ltr'><strong>in-</strong></span> 
     </span>
     <span class='ocr_line' id='line_1_6' title="bbox 132 624 1174 711; baseline -0.002 -22"><span class='ocrx_word' id='word_1_38' title='bbox 132 626 222 689; x_wconf 89' lang='lat' dir='ltr'><strong>iussu</strong></span> <span class='ocrx_word' id='word_1_39' title='bbox 236 625 327 690; x_wconf 90' lang='lat' dir='ltr'><strong>vilici</strong></span> <span class='ocrx_word' id='word_1_40' title='bbox 341 627 464 707; x_wconf 83' lang='lat' dir='ltr'><strong>exierit,</strong></span> <span class='ocrx_word' id='word_1_41' title='bbox 483 647 586 710; x_wconf 92' lang='lat' dir='ltr'><strong>neque</strong></span> <span class='ocrx_word' id='word_1_42' title='bbox 601 624 716 689; x_wconf 89' lang='lat' dir='ltr'><strong>vilicus</strong></span> <span class='ocrx_word' id='word_1_43' title='bbox 727 626 855 711; x_wconf 55' lang='lat' dir='ltr'><strong>¹iniussu</strong></span> <span class='ocrx_word' id='word_1_44' title='bbox 870 626 991 690; x_wconf 90' lang='lat' dir='ltr'><strong>domini</strong></span> <span class='ocrx_word' id='word_1_45' title='bbox 1001 626 1143 710; x_wconf 85' lang='lat' dir='ltr'><strong>longius,</strong></span> <span class='ocrx_word' id='word_1_46' title='bbox 1164 645 1174 687; x_wconf 81' lang='grc' dir='ltr'><strong>ι</strong></span> 
     </span>
    </p>
   </div>
   <div class='ocr_carea' id='block_1_3' title="bbox 27 713 1190 3011">
    <p class='ocr_par' dir='ltr' id='par_1_3' title="bbox 27 713 1190 3011">
     <span class='ocr_line' id='line_1_7' title="bbox 132 713 1146 798; baseline 0.002 -21"><span class='ocrx_word' id='word_1_47' title='bbox 132 736 229 797; x_wconf 87' lang='lat' dir='ltr'><strong>quam</strong></span> <span class='ocrx_word' id='word_1_48' title='bbox 253 718 290 778; x_wconf 94' lang='lat' dir='ltr'><strong>ut</strong></span> <span class='ocrx_word' id='word_1_49' title='bbox 313 715 425 779; x_wconf 89' lang='lat' dir='ltr'><strong>ecdem</strong></span> <span class='ocrx_word' id='word_1_50' title='bbox 449 715 500 778; x_wconf 91' lang='lat' dir='ltr'><strong>dic</strong></span> <span class='ocrx_word' id='word_1_51' title='bbox 523 713 653 795; x_wconf 81' lang='lat' dir='ltr'><strong>rediret,</strong></span> <span class='ocrx_word' id='word_1_52' title='bbox 676 735 779 797; x_wconf 87' lang='lat' dir='ltr'><strong>neque</strong></span> <span class='ocrx_word' id='word_1_53' title='bbox 802 715 836 778; x_wconf 87' lang='lat' dir='ltr'><strong>id</strong></span> <span class='ocrx_word' id='word_1_54' title='bbox 859 715 1019 798; x_wconf 90' lang='lat' dir='ltr'><strong>crebrius,</strong></span> <span class='ocrx_word' id='word_1_55' title='bbox 1048 737 1146 798; x_wconf 84' lang='lat' dir='ltr'><strong>quam</strong></span> 
     </span>
     <span class='ocr_line' id='line_1_8' title="bbox 102 802 1145 886; baseline 0 -19"><span class='ocrx_word' id='word_1_56' title='bbox 102 810 213 885; x_wconf 78' lang='lat' dir='ltr'><strong>chus</strong></span> <span class='ocrx_word' id='word_1_57' title='bbox 241 809 326 868; x_wconf 89' lang='lat' dir='ltr'><strong>esset</strong></span> <span class='ocrx_word' id='word_1_58' title='bbox 352 803 462 868; x_wconf 82' lang='lat' dir='ltr'><strong>fundo.</strong></span> <span class='ocrx_word' id='word_1_59' title='bbox 510 804 654 886; x_wconf 88' lang='lat' dir='ltr'><strong>[quarto]</strong></span> <span class='ocrx_word' id='word_1_60' title='bbox 685 803 821 866; x_wconf 91' lang='lat' dir='ltr'><strong>eundem</strong></span> <span class='ocrx_word' id='word_1_61' title='bbox 843 802 978 866; x_wconf 85' lang='lat' dir='ltr'><strong>fundum</strong></span> <span class='ocrx_word' id='word_1_62' title='bbox 1001 803 1145 868; x_wconf 89' lang='lat' dir='ltr'><strong>fructuo-</strong></span> 
     </span>
     <span class='ocr_line' id='line_1_9' title="bbox 132 891 1147 975; baseline 0 -20"><span class='ocrx_word' id='word_1_63' title='bbox 132 893 249 956; x_wconf 90' lang='lat' dir='ltr'><strong>siorem</strong></span> <span class='ocrx_word' id='word_1_64' title='bbox 276 891 403 956; x_wconf 86' lang='lat' dir='ltr'><strong>faciunt</strong></span> <span class='ocrx_word' id='word_1_65' title='bbox 429 895 595 972; x_wconf 75' lang='lat' dir='ltr'><strong>vecturae,</strong></span> <span class='ocrx_word' id='word_1_66' title='bbox 628 893 655 954; x_wconf 86' lang='lat' dir='ltr'><strong>si</strong></span> <span class='ocrx_word' id='word_1_67' title='bbox 683 892 755 955; x_wconf 86' lang='lat' dir='ltr'><strong>viae</strong></span> <span class='ocrx_word' id='word_1_68' title='bbox 783 896 872 973; x_wconf 89' lang='lat' dir='ltr'><strong>sunt,</strong></span> <span class='ocrx_word' id='word_1_69' title='bbox 905 913 969 975; x_wconf 85' lang='lat' dir='ltr'><strong>qua</strong></span> <span class='ocrx_word' id='word_1_70' title='bbox 995 891 1147 974; x_wconf 84' lang='lat' dir='ltr'><strong>plaustra</strong></span> 
     </span>
     <span class='ocr_line' id='line_1_10' title="bbox 132 979 1147 1064; baseline 0 -20"><span class='ocrx_word' id='word_1_71' title='bbox 132 981 186 1064; x_wconf 86' lang='lat' dir='ltr'><strong>agi</strong></span> <span class='ocrx_word' id='word_1_72' title='bbox 204 980 299 1044; x_wconf 85' lang='lat' dir='ltr'><strong>facilc</strong></span> <span class='ocrx_word' id='word_1_73' title='bbox 318 980 454 1064; x_wconf 76' lang='lat' dir='ltr'><strong>possint,</strong></span> <span class='ocrx_word' id='word_1_74' title='bbox 476 984 533 1043; x_wconf 88' lang='lat' dir='ltr'><strong>aut</strong></span> <span class='ocrx_word' id='word_1_75' title='bbox 550 979 686 1043; x_wconf 85' lang='lat' dir='ltr'><strong>flumina</strong></span> <span class='ocrx_word' id='word_1_76' title='bbox 703 980 895 1063; x_wconf 88' lang='lat' dir='ltr'><strong>propinqua,</strong></span> <span class='ocrx_word' id='word_1_77' title='bbox 914 1001 978 1063; x_wconf 83' lang='lat' dir='ltr'><strong>qua</strong></span> <span class='ocrx_word' id='word_1_78' title='bbox 994 979 1147 1064; x_wconf 79' lang='lat' dir='ltr'><strong>navigari</strong></span> 
     </span>
     <span class='ocr_line' id='line_1_11' title="bbox 131 1068 1177 1152; baseline -0.004 -19"><span class='ocrx_word' id='word_1_79' title='bbox 131 1069 245 1152; x_wconf 87' lang='lat' dir='ltr'><strong>possit,</strong></span> <span class='ocrx_word' id='word_1_80' title='bbox 274 1070 389 1152; x_wconf 90' lang='lat' dir='ltr'><strong>quibus</strong></span> <span class='ocrx_word' id='word_1_81' title='bbox 408 1068 553 1152; x_wconf 89' lang='lat' dir='ltr'><strong>utrisque</strong></span> <span class='ocrx_word' id='word_1_82' title='bbox 572 1069 668 1132; x_wconf 89' lang='lat' dir='ltr'><strong>rebus</strong></span> <span class='ocrx_word' id='word_1_83' title='bbox 688 1068 780 1132; x_wconf 90' lang='lat' dir='ltr'><strong>evehi</strong></span> <span class='ocrx_word' id='word_1_84' title='bbox 799 1073 896 1151; x_wconf 87' lang='lat' dir='ltr'><strong>atque</strong></span> <span class='ocrx_word' id='word_1_85' title='bbox 913 1068 1023 1132; x_wconf 86' lang='lat' dir='ltr'><strong>invehi</strong></span> <span class='ocrx_word' id='word_1_86' title='bbox 1040 1069 1177 1133; x_wconf 82' lang='lat' dir='ltr'><strong>multun</strong></span> 
     </span>
     <span class='ocr_line' id='line_1_12' title="bbox 132 1156 1148 1240; baseline 0 -20"><span class='ocrx_word' id='word_1_87' title='bbox 132 1157 172 1220; x_wconf 90' lang='lat' dir='ltr'><strong>ad</strong></span> <span class='ocrx_word' id='word_1_88' title='bbox 205 1157 337 1240; x_wconf 87' lang='lat' dir='ltr'><strong>praedia</strong></span> <span class='ocrx_word' id='word_1_89' title='bbox 370 1158 499 1221; x_wconf 79' lang='lat' dir='ltr'><strong>scimus</strong></span> <span class='ocrx_word' id='word_1_90' title='bbox 549 1156 650 1220; x_wconf 84' lang='lat' dir='ltr'><strong>refert</strong></span> <span class='ocrx_word' id='word_1_91' title='bbox 682 1157 781 1220; x_wconf 86' lang='lat' dir='ltr'><strong>etiam</strong></span> <span class='ocrx_word' id='word_1_92' title='bbox 814 1157 855 1220; x_wconf 89' lang='lat' dir='ltr'><strong>ad</strong></span> <span class='ocrx_word' id='word_1_93' title='bbox 886 1156 980 1220; x_wconf 85' lang='lat' dir='ltr'><strong>fundi</strong></span> <span class='ocrx_word' id='word_1_94' title='bbox 1011 1157 1148 1240; x_wconf 88' lang='lat' dir='ltr'><strong>fructus,</strong></span> 
     </span>
     <span class='ocr_line' id='line_1_13' title="bbox 131 1245 1147 1330; baseline 0.001 -22"><span class='ocrx_word' id='word_1_95' title='bbox 131 1266 227 1328; x_wconf 87' lang='lat' dir='ltr'><strong>quem</strong></span> <span class='ocrx_word' id='word_1_96' title='bbox 251 1246 291 1309; x_wconf 84' lang='lat' dir='ltr'><strong>ad</strong></span> <span class='ocrx_word' id='word_1_97' title='bbox 316 1245 447 1309; x_wconf 88' lang='lat' dir='ltr'><strong>modum</strong></span> <span class='ocrx_word' id='word_1_98' title='bbox 470 1245 595 1309; x_wconf 84' lang='lat' dir='ltr'><strong>vicinus</strong></span> <span class='ocrx_word' id='word_1_99' title='bbox 618 1245 652 1309; x_wconf 92' lang='lat' dir='ltr'><strong>in</strong></span> <span class='ocrx_word' id='word_1_100' title='bbox 676 1245 815 1309; x_wconf 87' lang='lat' dir='ltr'><strong>confinio</strong></span> <span class='ocrx_word' id='word_1_101' title='bbox 843 1247 1006 1308; x_wconf 88' lang='lat' dir='ltr'><strong>consitum</strong></span> <span class='ocrx_word' id='word_1_102' title='bbox 1029 1268 1147 1330; x_wconf 84' lang='lat' dir='ltr'><strong>agrum</strong></span> 
     </span>
     <span class='ocr_line' id='line_1_14' title="bbox 27 1333 1148 1418; baseline 0.002 -22"><span class='ocrx_word' id='word_1_103' title='bbox 27 1359 28 1364; x_wconf 47' lang='lat'>¹</span> <span class='ocrx_word' id='word_1_104' title='bbox 130 1333 259 1408; x_wconf 84' lang='lat' dir='ltr'><strong>habeat.</strong></span> <span class='ocrx_word' id='word_1_105' title='bbox 305 1334 334 1398; x_wconf 91' lang='lat' dir='ltr'><strong>si</strong></span> <span class='ocrx_word' id='word_1_106' title='bbox 362 1334 447 1398; x_wconf 90' lang='lat' dir='ltr'><strong>enim</strong></span> <span class='ocrx_word' id='word_1_107' title='bbox 476 1333 516 1397; x_wconf 84' lang='lat' dir='ltr'><strong>ad</strong></span> <span class='ocrx_word' id='word_1_108' title='bbox 544 1334 680 1397; x_wconf 90' lang='lat' dir='ltr'><strong>limitem</strong></span> <span class='ocrx_word' id='word_1_109' title='bbox 708 1338 921 1417; x_wconf 85' lang='lat' dir='ltr'><strong>querquetum</strong></span> <span class='ocrx_word' id='word_1_110' title='bbox 943 1334 1059 1418; x_wconf 87' lang='lat' dir='ltr'><strong>habet,</strong></span> <span class='ocrx_word' id='word_1_111' title='bbox 1082 1335 1148 1399; x_wconf 86' lang='lat' dir='ltr'><strong>nnn</strong></span> 
     </span>
     <span class='ocr_line' id='line_1_15' title="bbox 131 1422 1147 1507; baseline 0.002 -21"><span class='ocrx_word' id='word_1_112' title='bbox 131 1422 239 1505; x_wconf 87' lang='lat' dir='ltr'><strong>possis</strong></span> <span class='ocrx_word' id='word_1_113' title='bbox 262 1428 348 1487; x_wconf 90' lang='lat' dir='ltr'><strong>recte</strong></span> <span class='ocrx_word' id='word_1_114' title='bbox 372 1423 547 1486; x_wconf 88' lang='lat' dir='ltr'><strong>secundum</strong></span> <span class='ocrx_word' id='word_1_115' title='bbox 571 1444 642 1485; x_wconf 92' lang='lat' dir='ltr'><strong>eam</strong></span> <span class='ocrx_word' id='word_1_116' title='bbox 662 1423 776 1486; x_wconf 90' lang='lat' dir='ltr'><strong>silvam</strong></span> <span class='ocrx_word' id='word_1_117' title='bbox 797 1443 901 1486; x_wconf 86' lang='lat' dir='ltr'><strong>serere</strong></span> <span class='ocrx_word' id='word_1_118' title='bbox 921 1422 1034 1505; x_wconf 88' lang='lat' dir='ltr'><strong>oleam,</strong></span> <span class='ocrx_word' id='word_1_119' title='bbox 1060 1423 1147 1507; x_wconf 86' lang='lat' dir='ltr'><strong>quod</strong></span> 
     </span>
     <span class='ocr_line' id='line_1_16' title="bbox 131 1512 1179 1595; baseline -0.002 -20"><span class='ocrx_word' id='word_1_120' title='bbox 131 1533 232 1595; x_wconf 88' lang='lat' dir='ltr'><strong>usque</strong></span> <span class='ocrx_word' id='word_1_121' title='bbox 252 1533 289 1576; x_wconf 89' lang='lat' dir='ltr'><strong>eo</strong></span> <span class='ocrx_word' id='word_1_122' title='bbox 309 1516 360 1575; x_wconf 87' lang='lat' dir='ltr'><strong>est</strong></span> <span class='ocrx_word' id='word_1_123' title='bbox 378 1512 576 1575; x_wconf 87' lang='lat' dir='ltr'><strong>contrarium</strong></span> <span class='ocrx_word' id='word_1_124' title='bbox 595 1516 653 1574; x_wconf 91' lang='lat' dir='ltr'><strong>nat</strong></span> <span class='ocrx_word' id='word_1_125' title='bbox 654 1533 720 1593; x_wconf 86' lang='lat' dir='ltr'><strong>ura,</strong></span> <span class='ocrx_word' id='word_1_126' title='bbox 744 1514 780 1573; x_wconf 96' lang='lat' dir='ltr'><strong>ut</strong></span> <span class='ocrx_word' id='word_1_127' title='bbox 799 1512 931 1575; x_wconf 88' lang='lat' dir='ltr'><strong>arbores</strong></span> <span class='ocrx_word' id='word_1_128' title='bbox 950 1533 1017 1575; x_wconf 88' lang='lat' dir='ltr'><strong>non</strong></span> <span class='ocrx_word' id='word_1_129' title='bbox 1037 1512 1179 1576; x_wconf 81' lang='lat' dir='ltr'><strong>salumn</strong></span> 
     </span>
     <span class='ocr_line' id='line_1_17' title="bbox 131 1599 1148 1682; baseline 0.002 -20"><span class='ocrx_word' id='word_1_130' title='bbox 131 1600 237 1663; x_wconf 88' lang='lat' dir='ltr'><strong>minus</strong></span> <span class='ocrx_word' id='word_1_131' title='bbox 260 1600 377 1682; x_wconf 83' lang='lat' dir='ltr'><strong>ferant,</strong></span> <span class='ocrx_word' id='word_1_132' title='bbox 401 1599 512 1663; x_wconf 87' lang='lat' dir='ltr'><strong>scdt</strong></span> <span class='ocrx_word' id='word_1_133' title='bbox 480 1600 579 1663; x_wconf 87' lang='lat' dir='ltr'><strong>etiam</strong></span> <span class='ocrx_word' id='word_1_134' title='bbox 601 1599 784 1682; x_wconf 68' lang='lat' dir='ltr'><strong>fugiantu</strong></span> <span class='ocrx_word' id='word_1_135' title='bbox 786 1600 1025 1664; x_wconf 89' lang='lat' dir='ltr'><strong>tintrcrsum</strong></span> <span class='ocrx_word' id='word_1_136' title='bbox 1016 1622 1050 1663; x_wconf 88' lang='lat' dir='ltr'><strong>m</strong></span> <span class='ocrx_word' id='word_1_137' title='bbox 1071 1601 1148 1664; x_wconf 88' lang='lat' dir='ltr'><strong>fun-</strong></span> 
     </span>
     <span class='ocr_line' id='line_1_18' title="bbox 131 1651 1190 1769; baseline 0.004 -19"><span class='ocrx_word' id='word_1_138' title='bbox 131 1688 207 1752; x_wconf 89' lang='lat' dir='ltr'><strong>dum</strong></span> <span class='ocrx_word' id='word_1_139' title='bbox 231 1710 266 1752; x_wconf 95' lang='lat' dir='ltr'><strong>se</strong></span> <span class='ocrx_word' id='word_1_140' title='bbox 288 1651 512 1769; x_wconf 81' lang='lat' dir='ltr'><strong>recliirent,t</strong></span> <span class='ocrx_word' id='word_1_141' title='bbox 476 1693 512 1750; x_wconf 93' lang='lat' dir='ltr'><strong>ut</strong></span> <span class='ocrx_word' id='word_1_142' title='bbox 531 1689 578 1752; x_wconf 88' lang='lat' dir='ltr'><strong>vit</strong></span> <span class='ocrx_word' id='word_1_143' title='bbox 580 1689 608 1750; x_wconf 91' lang='lat' dir='ltr'><strong>is</strong></span> <span class='ocrx_word' id='word_1_144' title='bbox 565 1688 712 1751; x_wconf 89' lang='lat' dir='ltr'><strong>tadsit</strong></span> <span class='ocrx_word' id='word_1_145' title='bbox 698 1692 733 1751; x_wconf 90' lang='lat' dir='ltr'><strong>ta</strong></span> <span class='ocrx_word' id='word_1_146' title='bbox 752 1689 791 1750; x_wconf 88' lang='lat' dir='ltr'><strong>ad</strong></span> <span class='ocrx_word' id='word_1_147' title='bbox 810 1687 906 1752; x_wconf 88' lang='lat' dir='ltr'><strong>holus</strong></span> <span class='ocrx_word' id='word_1_148' title='bbox 924 1688 1031 1753; x_wconf 84' lang='lat' dir='ltr'><strong>facere</strong></span> <span class='ocrx_word' id='word_1_149' title='bbox 1052 1691 1190 1759; x_wconf 79' lang='lat' dir='ltr'><strong>solet..</strong></span> <span class='ocrx_word' id='word_1_150' title='bbox 1188 1706 1190 1717; x_wconf 89' lang='grc'><strong><em>·</em></strong></span> 
     </span>
     <span class='ocr_line' id='line_1_19' title="bbox 132 1774 1190 1860; baseline 0.001 -20"><span class='ocrx_word' id='word_1_151' title='bbox 132 1782 169 1840; x_wconf 93' lang='lat' dir='ltr'><strong>ut</strong></span> <span class='ocrx_word' id='word_1_152' title='bbox 188 1798 334 1859; x_wconf 87' lang='lat' dir='ltr'><strong>quercus,</strong></span> <span class='ocrx_word' id='word_1_153' title='bbox 353 1777 399 1840; x_wconf 92' lang='lat' dir='ltr'><strong>sic</strong></span> <span class='ocrx_word' id='word_1_154' title='bbox 417 1777 610 1860; x_wconf 83' lang='lat' dir='ltr'><strong>iugulandes</strong></span> <span class='ocrx_word' id='word_1_155' title='bbox 630 1797 766 1859; x_wconf 82' lang='lat' dir='ltr'><strong>magnae</strong></span> <span class='ocrx_word' id='word_1_156' title='bbox 786 1785 819 1839; x_wconf 90' lang='lat' dir='ltr'><strong>et</strong></span> <span class='ocrx_word' id='word_1_157' title='bbox 838 1777 967 1840; x_wconf 79' lang='lat' dir='ltr'><strong>crebrae</strong></span> <span class='ocrx_word' id='word_1_158' title='bbox 985 1776 1149 1841; x_wconf 81' lang='lat' dir='ltr'><strong>finitimae</strong></span> <span class='ocrx_word' id='word_1_159' title='bbox 1188 1774 1190 1851; x_wconf 88' lang='lat'>!</span> 
     </span>
     <span class='ocr_line' id='line_1_20' title="bbox 130 1860 1190 1930; baseline -0.002 -2"><span class='ocrx_word' id='word_1_160' title='bbox 130 1864 222 1929; x_wconf 91' lang='lat' dir='ltr'><strong>fundi</strong></span> <span class='ocrx_word' id='word_1_161' title='bbox 247 1888 336 1930; x_wconf 87' lang='lat' dir='ltr'><strong>oram</strong></span> <span class='ocrx_word' id='word_1_162' title='bbox 362 1865 488 1929; x_wconf 86' lang='lat' dir='ltr'><strong>faciunt</strong></span> <span class='ocrx_word' id='word_1_163' title='bbox 512 1865 665 1929; x_wconf 87' lang='lat' dir='ltr'><strong>sterilem.</strong></span> <span class='ocrx_word' id='word_1_164' title='bbox 1188 1860 1190 1887; x_wconf 91' lang='lat'>&#39;</span> 
     </span>
     <span class='ocr_line' id='line_1_21' title="bbox 73 1952 1179 2038; baseline -0.007 -16"><span class='ocrx_word' id='word_1_165' title='bbox 73 1969 151 2022; x_wconf 82' lang='lat' dir='ltr'><strong>xvss</strong></span> <span class='ocrx_word' id='word_1_166' title='bbox 219 1953 268 2018; x_wconf 91' lang='lat' dir='ltr'><strong>De</strong></span> <span class='ocrx_word' id='word_1_167' title='bbox 282 1953 373 2018; x_wconf 83' lang='lat' dir='ltr'><strong>fundi</strong></span> <span class='ocrx_word' id='word_1_168' title='bbox 390 1960 468 2037; x_wconf 89' lang='lat' dir='ltr'><strong>quat</strong></span> <span class='ocrx_word' id='word_1_169' title='bbox 469 1959 543 2018; x_wconf 86' lang='lat' dir='ltr'><strong>tuor</strong></span> <span class='ocrx_word' id='word_1_170' title='bbox 556 1975 614 2038; x_wconf 86' lang='lat' dir='ltr'><strong>par</strong></span> <span class='ocrx_word' id='word_1_171' title='bbox 617 1954 713 2036; x_wconf 75' lang='lat' dir='ltr'><strong>tibur,</strong></span> <span class='ocrx_word' id='word_1_172' title='bbox 727 1975 809 2037; x_wconf 84' lang='lat' dir='ltr'><strong>quae</strong></span> <span class='ocrx_word' id='word_1_173' title='bbox 824 1975 898 2018; x_wconf 93' lang='lat' dir='ltr'><strong>cum</strong></span> <span class='ocrx_word' id='word_1_174' title='bbox 913 1953 983 2018; x_wconf 87' lang='lat' dir='ltr'><strong>solo</strong></span> <span class='ocrx_word' id='word_1_175' title='bbox 998 1952 1146 2036; x_wconf 79' lang='lat' dir='ltr'><strong>haerent,</strong></span> <span class='ocrx_word' id='word_1_176' title='bbox 1157 1973 1179 2014; x_wconf 80' lang='lat' dir='ltr'><strong>n</strong></span> 
     </span>
     <span class='ocr_line' id='line_1_22' title="bbox 130 2041 1145 2126; baseline 0 -20"><span class='ocrx_word' id='word_1_177' title='bbox 130 2048 163 2106; x_wconf 93' lang='lat' dir='ltr'><strong>et</strong></span> <span class='ocrx_word' id='word_1_178' title='bbox 185 2044 294 2106; x_wconf 87' lang='lat' dir='ltr'><strong>alteris</strong></span> <span class='ocrx_word' id='word_1_179' title='bbox 314 2047 477 2126; x_wconf 88' lang='lat' dir='ltr'><strong>quattuor,</strong></span> <span class='ocrx_word' id='word_1_180' title='bbox 501 2064 583 2125; x_wconf 88' lang='lat' dir='ltr'><strong>quae</strong></span> <span class='ocrx_word' id='word_1_181' title='bbox 602 2047 694 2105; x_wconf 85' lang='lat' dir='ltr'><strong>extra</strong></span> <span class='ocrx_word' id='word_1_182' title='bbox 713 2041 848 2106; x_wconf 89' lang='lat' dir='ltr'><strong>fundum</strong></span> <span class='ocrx_word' id='word_1_183' title='bbox 868 2047 945 2106; x_wconf 90' lang='lat' dir='ltr'><strong>sunt</strong></span> <span class='ocrx_word' id='word_1_184' title='bbox 964 2044 996 2105; x_wconf 97' lang='lat' dir='ltr'><strong>et</strong></span> <span class='ocrx_word' id='word_1_185' title='bbox 1016 2043 1059 2106; x_wconf 89' lang='lat' dir='ltr'><strong>ad</strong></span> <span class='ocrx_word' id='word_1_186' title='bbox 1078 2043 1145 2106; x_wconf 88' lang='lat' dir='ltr'><strong>cul·</strong></span> 
     </span>
     <span class='ocr_line' id='line_1_23' title="bbox 129 2129 1190 2215; baseline 0.001 -21"><span class='ocrx_word' id='word_1_187' title='bbox 129 2138 235 2194; x_wconf 86' lang='lat' dir='ltr'><strong>turam</strong></span> <span class='ocrx_word' id='word_1_188' title='bbox 258 2132 428 2213; x_wconf 88' lang='lat' dir='ltr'><strong>pertinent,</strong></span> <span class='ocrx_word' id='word_1_189' title='bbox 452 2129 526 2193; x_wconf 82' lang='lat' dir='ltr'><strong>dixi.</strong></span> <span class='ocrx_word' id='word_1_190' title='bbox 563 2152 648 2194; x_wconf 91' lang='lat' dir='ltr'><strong>nunc</strong></span> <span class='ocrx_word' id='word_1_191' title='bbox 672 2129 785 2210; x_wconf 84' lang='lat' dir='ltr'><strong>dicam,</strong></span> <span class='ocrx_word' id='word_1_192' title='bbox 808 2132 880 2215; x_wconf 78' lang='lat' dir='ltr'><strong>agri</strong></span> <span class='ocrx_word' id='word_1_193' title='bbox 903 2131 1020 2214; x_wconf 92' lang='lat' dir='ltr'><strong>quibus</strong></span> <span class='ocrx_word' id='word_1_194' title='bbox 1043 2131 1143 2195; x_wconf 91' lang='lat' dir='ltr'><strong>rebus</strong></span> <span class='ocrx_word' id='word_1_195' title='bbox 1188 2166 1190 2173; x_wconf 95' lang='lat'>·</span> 
     </span>
     <span class='ocr_line' id='line_1_24' title="bbox 129 2218 1144 2303; baseline 0 -20"><span class='ocrx_word' id='word_1_196' title='bbox 129 2221 286 2283; x_wconf 88' lang='lat' dir='ltr'><strong>colantur.</strong></span> <span class='ocrx_word' id='word_1_197' title='bbox 323 2240 411 2303; x_wconf 23' lang='lat' dir='ltr'><strong>,quas</strong></span> <span class='ocrx_word' id='word_1_198' title='bbox 439 2241 491 2282; x_wconf 90' lang='lat' dir='ltr'><strong>res</strong></span> <span class='ocrx_word' id='word_1_199' title='bbox 519 2219 577 2282; x_wconf 87' lang='lat' dir='ltr'><strong>alii</strong></span> <span class='ocrx_word' id='word_1_200' title='bbox 604 2218 753 2283; x_wconf 88' lang='lat' dir='ltr'><strong>dividunt</strong></span> <span class='ocrx_word' id='word_1_201' title='bbox 783 2219 818 2282; x_wconf 91' lang='lat' dir='ltr'><strong>in</strong></span> <span class='ocrx_word' id='word_1_202' title='bbox 846 2219 925 2283; x_wconf 86' lang='lat' dir='ltr'><strong>duas</strong></span> <span class='ocrx_word' id='word_1_203' title='bbox 952 2222 1079 2303; x_wconf 73' lang='lat' dir='ltr'><strong>parter,</strong></span> <span class='ocrx_word' id='word_1_204' title='bbox 1108 2221 1144 2284; x_wconf 92' lang='lat' dir='ltr'><strong>in</strong></span> 
     </span>
     <span class='ocr_line' id='line_1_25' title="bbox 129 2307 1142 2392; baseline 0.003 -22"><span class='ocrx_word' id='word_1_205' title='bbox 129 2308 277 2371; x_wconf 88' lang='lat' dir='ltr'><strong>homines</strong></span> <span class='ocrx_word' id='word_1_206' title='bbox 305 2312 338 2370; x_wconf 92' lang='lat' dir='ltr'><strong>et</strong></span> <span class='ocrx_word' id='word_1_207' title='bbox 366 2307 561 2370; x_wconf 86' lang='lat' dir='ltr'><strong>adminicula</strong></span> <span class='ocrx_word' id='word_1_208' title='bbox 588 2308 768 2390; x_wconf 91' lang='lat' dir='ltr'><strong>hominum,</strong></span> <span class='ocrx_word' id='word_1_209' title='bbox 797 2308 866 2371; x_wconf 89' lang='lat' dir='ltr'><strong>sine</strong></span> <span class='ocrx_word' id='word_1_210' title='bbox 894 2308 1011 2392; x_wconf 87' lang='lat' dir='ltr'><strong>quibus</strong></span> <span class='ocrx_word' id='word_1_211' title='bbox 1042 2308 1142 2373; x_wconf 88' lang='lat' dir='ltr'><strong>rebus</strong></span> 
     </span>
     <span class='ocr_line' id='line_1_26' title="bbox 130 2391 1177 2480; baseline -0.004 -21"><span class='ocrx_word' id='word_1_212' title='bbox 130 2397 232 2460; x_wconf 85' lang='lat' dir='ltr'><strong>colere</strong></span> <span class='ocrx_word' id='word_1_213' title='bbox 261 2417 326 2459; x_wconf 91' lang='lat' dir='ltr'><strong>non</strong></span> <span class='ocrx_word' id='word_1_214' title='bbox 355 2400 506 2480; x_wconf 82' lang='lat' dir='ltr'><strong>possunt3</strong></span> <span class='ocrx_word' id='word_1_215' title='bbox 538 2395 592 2459; x_wconf 89' lang='lat' dir='ltr'><strong>alii</strong></span> <span class='ocrx_word' id='word_1_216' title='bbox 621 2397 655 2459; x_wconf 91' lang='lat' dir='ltr'><strong>in</strong></span> <span class='ocrx_word' id='word_1_217' title='bbox 682 2391 756 2459; x_wconf 85' lang='lat' dir='ltr'><strong>tres</strong></span> <span class='ocrx_word' id='word_1_218' title='bbox 783 2401 905 2478; x_wconf 86' lang='lat' dir='ltr'><strong>partes,</strong></span> <span class='ocrx_word' id='word_1_219' title='bbox 932 2396 1177 2461; x_wconf 71' lang='lat' dir='ltr'><strong>instrumentis</strong></span> 
     </span>
     <span class='ocr_line' id='line_1_27' title="bbox 131 2484 1141 2570; baseline 0.003 -23"><span class='ocrx_word' id='word_1_220' title='bbox 131 2505 231 2569; x_wconf 84' lang='lat' dir='ltr'><strong>genus</strong></span> <span class='ocrx_word' id='word_1_221' title='bbox 254 2484 367 2549; x_wconf 85' lang='lat' dir='ltr'><strong>vocale</strong></span> <span class='ocrx_word' id='word_1_222' title='bbox 391 2489 424 2548; x_wconf 91' lang='lat' dir='ltr'><strong>et</strong></span> <span class='ocrx_word' id='word_1_223' title='bbox 447 2485 638 2549; x_wconf 82' lang='lat' dir='ltr'><strong>semivocale</strong></span> <span class='ocrx_word' id='word_1_224' title='bbox 662 2488 695 2547; x_wconf 90' lang='lat' dir='ltr'><strong>et</strong></span> <span class='ocrx_word' id='word_1_225' title='bbox 717 2489 853 2566; x_wconf 90' lang='lat' dir='ltr'><strong>mutum,</strong></span> <span class='ocrx_word' id='word_1_226' title='bbox 876 2485 996 2568; x_wconf 86' lang='lat' dir='ltr'><strong>vocale,</strong></span> <span class='ocrx_word' id='word_1_227' title='bbox 1018 2485 1055 2548; x_wconf 93' lang='lat' dir='ltr'><strong>in</strong></span> <span class='ocrx_word' id='word_1_228' title='bbox 1078 2509 1141 2570; x_wconf 90' lang='lat' dir='ltr'><strong>quc</strong></span> 
     </span>
     <span class='ocr_line' id='line_1_28' title="bbox 131 2573 1145 2657; baseline 0 -20"><span class='ocrx_word' id='word_1_229' title='bbox 131 2579 207 2637; x_wconf 87' lang='lat' dir='ltr'><strong>sunt</strong></span> <span class='ocrx_word' id='word_1_230' title='bbox 230 2575 322 2657; x_wconf 85' lang='lat' dir='ltr'><strong>servi,</strong></span> <span class='ocrx_word' id='word_1_231' title='bbox 346 2573 549 2653; x_wconf 83' lang='lat' dir='ltr'><strong>semivocale,</strong></span> <span class='ocrx_word' id='word_1_232' title='bbox 572 2573 607 2637; x_wconf 93' lang='lat' dir='ltr'><strong>in</strong></span> <span class='ocrx_word' id='word_1_233' title='bbox 630 2594 693 2656; x_wconf 92' lang='lat' dir='ltr'><strong>quo</strong></span> <span class='ocrx_word' id='word_1_234' title='bbox 717 2577 793 2637; x_wconf 92' lang='lat' dir='ltr'><strong>sunt</strong></span> <span class='ocrx_word' id='word_1_235' title='bbox 817 2574 926 2657; x_wconf 85' lang='lat' dir='ltr'><strong>boves,</strong></span> <span class='ocrx_word' id='word_1_236' title='bbox 950 2577 1086 2656; x_wconf 92' lang='lat' dir='ltr'><strong>mutum,</strong></span> <span class='ocrx_word' id='word_1_237' title='bbox 1112 2575 1145 2638; x_wconf 93' lang='lat' dir='ltr'><strong>in</strong></span> 
     </span>
     <span class='ocr_line' id='line_1_29' title="bbox 101 2662 1143 2746; baseline -0.001 -19"><span class='ocrx_word' id='word_1_238' title='bbox 101 2672 196 2746; x_wconf 80' lang='lat' dir='ltr'><strong>2qu0</strong></span> <span class='ocrx_word' id='word_1_239' title='bbox 225 2670 300 2726; x_wconf 90' lang='lat' dir='ltr'><strong>sunt</strong></span> <span class='ocrx_word' id='word_1_240' title='bbox 327 2663 482 2744; x_wconf 87' lang='lat' dir='ltr'><strong>plaustra.</strong></span> <span class='ocrx_word' id='word_1_241' title='bbox 534 2683 645 2726; x_wconf 91' lang='lat' dir='ltr'><strong>omnes</strong></span> <span class='ocrx_word' id='word_1_242' title='bbox 673 2663 744 2745; x_wconf 83' lang='lat' dir='ltr'><strong>agri</strong></span> <span class='ocrx_word' id='word_1_243' title='bbox 772 2663 922 2726; x_wconf 86' lang='lat' dir='ltr'><strong>coluntur</strong></span> <span class='ocrx_word' id='word_1_244' title='bbox 953 2662 1143 2726; x_wconf 84' lang='lat' dir='ltr'><strong>hominibus</strong></span> 
     </span>
     <span class='ocr_line' id='line_1_30' title="bbox 132 2749 1144 2834; baseline -0.001 -20"><span class='ocrx_word' id='word_1_245' title='bbox 132 2750 234 2814; x_wconf 86' lang='lat' dir='ltr'><strong>servis</strong></span> <span class='ocrx_word' id='word_1_246' title='bbox 263 2754 319 2814; x_wconf 87' lang='lat' dir='ltr'><strong>aut</strong></span> <span class='ocrx_word' id='word_1_247' title='bbox 346 2750 457 2814; x_wconf 89' lang='lat' dir='ltr'><strong>liberis</strong></span> <span class='ocrx_word' id='word_1_248' title='bbox 481 2755 538 2813; x_wconf 84' lang='lat' dir='ltr'><strong>aut</strong></span> <span class='ocrx_word' id='word_1_249' title='bbox 561 2749 720 2834; x_wconf 86' lang='lat' dir='ltr'><strong>utrisque:</strong></span> <span class='ocrx_word' id='word_1_250' title='bbox 748 2750 874 2833; x_wconf 89' lang='lat' dir='ltr'><strong>liberis,</strong></span> <span class='ocrx_word' id='word_1_251' title='bbox 903 2755 960 2814; x_wconf 87' lang='lat' dir='ltr'><strong>aut</strong></span> <span class='ocrx_word' id='word_1_252' title='bbox 983 2771 1057 2814; x_wconf 88' lang='lat' dir='ltr'><strong>eum</strong></span> <span class='ocrx_word' id='word_1_253' title='bbox 1080 2750 1144 2834; x_wconf 90' lang='lat' dir='ltr'><strong>ipsi</strong></span> 
     </span>
     <span class='ocr_line' id='line_1_31' title="bbox 132 2839 1173 2923; baseline -0.006 -19"><span class='ocrx_word' id='word_1_254' title='bbox 132 2840 252 2923; x_wconf 82' lang='lat' dir='ltr'><strong>colunt,</strong></span> <span class='ocrx_word' id='word_1_255' title='bbox 275 2844 312 2902; x_wconf 91' lang='lat' dir='ltr'><strong>ut</strong></span> <span class='ocrx_word' id='word_1_256' title='bbox 338 2839 483 2921; x_wconf 89' lang='lat' dir='ltr'><strong>plerique</strong></span> <span class='ocrx_word' id='word_1_257' title='bbox 507 2839 694 2922; x_wconf 87' lang='lat' dir='ltr'><strong>pauperculi</strong></span> <span class='ocrx_word' id='word_1_258' title='bbox 720 2860 790 2902; x_wconf 91' lang='lat' dir='ltr'><strong>cum</strong></span> <span class='ocrx_word' id='word_1_259' title='bbox 815 2861 873 2902; x_wconf 88' lang='lat' dir='ltr'><strong>sua</strong></span> <span class='ocrx_word' id='word_1_260' title='bbox 896 2839 1065 2922; x_wconf 85' lang='lat' dir='ltr'><strong>progenie,</strong></span> <span class='ocrx_word' id='word_1_261' title='bbox 1090 2842 1173 2904; x_wconf 75' lang='lat' dir='ltr'><strong>aute</strong></span> 
     </span>
     <span class='ocr_line' id='line_1_32' title="bbox 133 2927 1144 3011; baseline 0.001 -20"><span class='ocrx_word' id='word_1_262' title='bbox 133 2927 379 3010; x_wconf 85' lang='lat' dir='ltr'><strong>mercennariis,</strong></span> <span class='ocrx_word' id='word_1_263' title='bbox 412 2949 484 2990; x_wconf 90' lang='lat' dir='ltr'><strong>cum</strong></span> <span class='ocrx_word' id='word_1_264' title='bbox 512 2927 721 2992; x_wconf 87' lang='lat' dir='ltr'><strong>conducticiis</strong></span> <span class='ocrx_word' id='word_1_265' title='bbox 753 2927 930 2992; x_wconf 88' lang='lat' dir='ltr'><strong>liberorum</strong></span> <span class='ocrx_word' id='word_1_266' title='bbox 958 2928 1066 3011; x_wconf 86' lang='lat' dir='ltr'><strong>operis</strong></span> <span class='ocrx_word' id='word_1_267' title='bbox 1094 2949 1144 2992; x_wconf 88' lang='lat' dir='ltr'><strong>res</strong></span> 
     </span>
    </p>
   </div>
   <div class='ocr_carea' id='block_1_4' title="bbox 131 3100 1143 3315">
    <p class='ocr_par' dir='ltr' id='par_1_4' title="bbox 131 3100 1143 3315">
     <span class='ocr_line' id='line_1_33' title="bbox 220 3100 1143 3182; baseline 0.002 -28"><span class='ocrx_word' id='word_1_268' title='bbox 220 3108 235 3154; x_wconf 84' lang='lat'><strong>3</strong></span> <span class='ocrx_word' id='word_1_269' title='bbox 259 3101 372 3169; x_wconf 88' lang='lat' dir='ltr'><strong>impune</strong></span> <span class='ocrx_word' id='word_1_270' title='bbox 405 3100 489 3156; x_wconf 88' lang='lat' dir='ltr'><strong>abeat</strong></span> <span class='ocrx_word' id='word_1_271' title='bbox 522 3101 651 3182; x_wconf 76' lang='lat' dir='ltr'><strong>(impune</strong></span> <span class='ocrx_word' id='word_1_272' title='bbox 683 3101 787 3156; x_wconf 86' lang='lat' dir='ltr'><strong>habeat</strong></span> <span class='ocrx_word' id='word_1_273' title='bbox 814 3102 940 3171; x_wconf 78' lang='lat' dir='ltr'><strong>plurimu</strong></span> <span class='ocrx_word' id='word_1_274' title='bbox 966 3103 1143 3171; x_wconf 78' lang='lat' dir='ltr'><strong>apoyruptc)</strong></span> 
     </span>
     <span class='ocr_line' id='line_1_34' title="bbox 131 3170 1143 3254; baseline 0 -28"><span class='ocrx_word' id='word_1_275' title='bbox 131 3178 165 3226; x_wconf 92' lang='lat'><strong>10</strong></span> <span class='ocrx_word' id='word_1_276' title='bbox 183 3172 279 3226; x_wconf 88' lang='lat' dir='ltr'><strong>inuehi</strong></span> <span class='ocrx_word' id='word_1_277' title='bbox 298 3172 335 3226; x_wconf 86' lang='lat' dir='ltr'><strong>ad</strong></span> <span class='ocrx_word' id='word_1_278' title='bbox 358 3171 448 3226; x_wconf 86' lang='lat' dir='ltr'><strong>multa</strong></span> <span class='ocrx_word' id='word_1_279' title='bbox 418 3171 587 3254; x_wconf 83' lang='lat' dir='ltr'><strong>tapraedin</strong></span> <span class='ocrx_word' id='word_1_280' title='bbox 678 3177 710 3226; x_wconf 83' lang='grc'><strong>17</strong></span> <span class='ocrx_word' id='word_1_281' title='bbox 730 3171 838 3226; x_wconf 84' lang='lat' dir='ltr'><strong>adsista</strong></span> <span class='ocrx_word' id='word_1_282' title='bbox 908 3170 990 3226; x_wconf 86' lang='lat' dir='ltr'><strong>holus</strong></span> <span class='ocrx_word' id='word_1_283' title='bbox 1012 3171 1085 3240; x_wconf 84' lang='lat' dir='ltr'><strong>(clus</strong></span> <span class='ocrx_word' id='word_1_284' title='bbox 1108 3172 1143 3239; x_wconf 85' lang='lat' dir='ltr'><strong>V)</strong></span> 
     </span>
     <span class='ocr_line' id='line_1_35' title="bbox 132 3242 1143 3315; baseline 0.002 -18"><span class='ocrx_word' id='word_1_285' title='bbox 132 3249 164 3298; x_wconf 88' lang='lat'><strong>18</strong></span> <span class='ocrx_word' id='word_1_286' title='bbox 184 3243 279 3315; x_wconf 88' lang='lat' dir='ltr'><strong>sic]</strong></span> <span class='ocrx_word' id='word_1_287' title='bbox 257 3261 281 3297; x_wconf 85' lang='lat' dir='ltr'><strong>si</strong></span> <span class='ocrx_word' id='word_1_288' title='bbox 340 3250 373 3297; x_wconf 85' lang='lat'><strong>31</strong></span> <span class='ocrx_word' id='word_1_289' title='bbox 394 3243 571 3297; x_wconf 83' lang='lat' dir='ltr'><strong>mercenariis</strong></span> <span class='ocrx_word' id='word_1_290' title='bbox 591 3242 798 3312; x_wconf 84' lang='lat' dir='ltr'><strong>(mercennariis</strong></span> <span class='ocrx_word' id='word_1_291' title='bbox 816 3243 953 3299; x_wconf 80' lang='lat' dir='ltr'><strong>nonnulla</strong></span> <span class='ocrx_word' id='word_1_292' title='bbox 971 3245 1143 3314; x_wconf 76' lang='lat' dir='ltr'><strong>apoprcptu)</strong></span> 
     </span>
    </p>
   </div>
   <div class='ocr_carea' id='block_1_5' title="bbox 98 3401 1143 3545">
    <p class='ocr_par' dir='ltr' id='par_1_5' title="bbox 98 3401 1143 3545">
     <span class='ocr_line' id='line_1_36' title="bbox 207 3401 1143 3474; baseline 0.001 -19"><span class='ocrx_word' id='word_1_293' title='bbox 207 3408 245 3456; x_wconf 86' lang='grc'><strong>10</strong></span> <span class='ocrx_word' id='word_1_294' title='bbox 263 3403 364 3458; x_wconf 80' lang='lat' dir='ltr'><strong>invehi</strong></span> <span class='ocrx_word' id='word_1_295' title='bbox 382 3403 475 3458; x_wconf 88' lang='lat' dir='ltr'><strong>multa</strong></span> <span class='ocrx_word' id='word_1_296' title='bbox 495 3402 531 3458; x_wconf 86' lang='lat' dir='ltr'><strong>ad</strong></span> <span class='ocrx_word' id='word_1_297' title='bbox 549 3401 668 3474; x_wconf 82' lang='lat' dir='ltr'><strong>praedia</strong></span> <span class='ocrx_word' id='word_1_298' title='bbox 687 3402 864 3458; x_wconf 71' lang='lat' dir='ltr'><strong>Scitneiderus</strong></span> <span class='ocrx_word' id='word_1_299' title='bbox 963 3409 995 3457; x_wconf 78' lang='lat'><strong>17</strong></span> <span class='ocrx_word' id='word_1_300' title='bbox 1014 3402 1111 3458; x_wconf 79' lang='lat' dir='ltr'><strong>adsita</strong></span> <span class='ocrx_word' id='word_1_301' title='bbox 1127 3418 1143 3456; x_wconf 86' lang='lat' dir='ltr'><strong>c</strong></span> 
     </span>
     <span class='ocr_line' id='line_1_37' title="bbox 98 3471 562 3545; baseline 0.032 -25"><span class='ocrx_word' id='word_1_302' title='bbox 98 3475 140 3522; x_wconf 83' lang='lat'><strong>18</strong></span> <span class='ocrx_word' id='word_1_303' title='bbox 158 3471 204 3525; x_wconf 85' lang='lat' dir='ltr'><strong>sic</strong></span> <span class='ocrx_word' id='word_1_304' title='bbox 226 3473 387 3545; x_wconf 79' lang='lat' dir='ltr'><strong>iuglandes</strong></span> <span class='ocrx_word' id='word_1_305' title='bbox 418 3477 562 3534; x_wconf 72' lang='lat' dir='ltr'><strong>Victorius</strong></span> 
     </span>
    </p>
   </div>
   <div class='ocr_carea' id='block_1_6' title="bbox 0 0 1198 3742">
    <p class='ocr_par' dir='ltr' id='par_1_6' title="bbox 0 0 1198 3742">
     <span class='ocr_line' id='line_1_38' title="bbox 0 0 1198 3742; baseline 0 0"><span class='ocrx_word' id='word_1_306' title='bbox 0 0 1198 3742; x_wconf 95' lang='lat' dir='ltr'><strong> </strong></span> 
     </span>
    </p>
   </div>
  </div>
 </body>
</html>
