2384 3736
137 129 181 192 46
557 128 743 184 VARRONIS

137 275 200 339 hoc
228 274 269 338 ad
299 274 478 339 solstitium
506 274 573 339 dies
597 291 709 355 xnnx,
737 274 812 337 inde
836 273 876 337 ad
899 273 1066 338 caniculae
1089 273 1143 358 sig·
1187 303 1192 328 =

138 386 216 428 num
239 363 308 427 dies
331 381 440 447 xxvlr,
463 363 537 426 dein
557 363 596 427 ad
617 363 856 445 aequinoctium
878 362 1066 432 autumnale
1085 362 1144 427 dies
1185 404 1188 444 ῃ

138 469 249 534 nxvn,
280 453 354 516 exin
381 451 422 515 ad
450 452 660 536 vergiliarum
688 473 838 516 occasum
866 451 935 515 dies
964 469 1078 530 xxxss,
1110 451 1144 516 ab
1185 475 1191 495 -·

140 541 202 604 hoe
225 539 266 604 ad
285 541 434 604 brumam
454 541 521 604 dies
540 558 624 623 nvn,
647 540 722 603 inde
742 541 782 604 ad
801 539 967 604 favonium
987 539 1056 604 dies
1074 556 1145 604 xnv.
1185 576 1189 587 ·

68 643 161 698 XXIX
231 630 295 709 [In]
319 629 427 711 primo
450 628 620 693 intervallo
643 627 728 692 inter
746 628 912 692 favonium
930 631 964 692 et
983 630 1145 712 aequinoc·
1188 675 1192 684 ·

138 717 221 782 tium
235 739 370 781 vernum
384 718 464 781 haec
483 717 553 780 fieri
573 721 711 799 oportet.
740 717 915 780 seminaria
933 739 1030 781 omne
1049 737 1145 801 genus

138 810 175 870 ut
194 808 357 889 serantur,
380 806 489 888 putari
508 806 649 889 arbusta,
667 807 831 870 stercorari
848 806 882 868 in
901 806 1014 889 pratis,
1032 809 1146 870 circum

138 895 220 959 vites
253 894 426 977 ablacuari,
458 894 582 958 radices
615 916 697 977 quae
729 894 764 957 in
796 915 922 958 summa
954 898 1043 958 terra
1078 898 1147 958 sunt
1187 934 1190 941 ·

138 983 290 1066 praecidi,
322 987 418 1066 prata
450 983 599 1068 purgari,
632 983 747 1047 salicta
780 983 853 1065 seri,
887 988 1015 1066 segetes
1049 981 1146 1048 sariri
1188 1060 1191 1066 .

51 1124 54 1130 .
138 1092 231 1155 seges
264 1071 382 1136 dicitur
415 1070 501 1154 quod
534 1073 662 1135 aratum
695 1075 802 1135 satum
831 1074 889 1152 est,
922 1092 1037 1134 arvum
1069 1069 1146 1155 quod

139 1165 268 1223 aratum
293 1159 430 1223 necdum
458 1163 566 1223 satum
594 1162 660 1242 est,
687 1160 830 1241 novalis,
857 1159 914 1222 ubi
945 1163 1055 1223 satum
1083 1160 1147 1240 fuit

109 1253 314 1331 2antequam
347 1247 486 1312 secunda
519 1249 663 1312 aratione
694 1253 835 1313 novatur
864 1269 984 1312 rursus.
1031 1253 1147 1313 terram

139 1337 373 1419 cumprimum
393 1340 495 1420 arant,
513 1336 719 1420 proscindere
737 1337 913 1420 appellant,
932 1358 1006 1401 cum
1025 1337 1148 1418 iterum,

139 1425 314 1510 effringere
329 1427 450 1506 dicunt,
468 1425 553 1508 quod
573 1426 678 1508 prima
697 1425 843 1489 aratione
857 1423 994 1509 glaebae
1014 1425 1148 1510 grandes

139 1514 246 1577 solent
263 1514 410 1596 excitari3
434 1536 506 1578 cum
525 1515 672 1598 iteratur,
695 1513 868 1597 offringere
887 1516 1017 1578 vocant.
1054 1512 1165 1579 tertio¹

140 1624 212 1666 curn
236 1609 331 1666 arant
353 1603 439 1666 iacto
463 1603 594 1684 semine,
617 1604 717 1667 boves
740 1603 836 1666 lirare
861 1602 1023 1685 dicuntur,
1047 1603 1149 1667 idest

140 1711 213 1754 cum
237 1690 367 1753 tabellis
391 1690 508 1754 additis
533 1691 572 1754 ad
596 1712 758 1754 vomerem
782 1691 935 1754 simul'et
959 1697 1070 1755 satum
1088 1691 1149 1755 fru-

140 1782 285 1842 mentum
305 1778 454 1860 operiunt
467 1779 500 1842 in
516 1780 621 1861 porcis
638 1783 670 1843 et
685 1780 813 1843 sulcant
825 1778 942 1862 fossas,
963 1801 1027 1862 quo
1043 1780 1150 1863 pluvia

141 1889 226 1950 aqua
252 1867 430 1932 delabatur.
480 1889 547 1931 non
573 1868 656 1931 nulli
684 1873 811 1951 postea,
844 1867 899 1951 qui
928 1871 1058 1951 segetes
1088 1888 1150 1933 non

140 1959 208 2020 tam
231 1956 316 2020 latas
339 1956 471 2038 habent,
501 1956 595 2020 utin
618 1956 741 2040 Apulia
764 1959 796 2019 et
818 1954 851 2018 id
876 1975 979 2041 genus
1002 1956 1149 2039 praediis,

140 2066 198 2127 per
225 2050 366 2108 sartores
394 2066 507 2109 occare
535 2045 655 2128 solent,
684 2045 795 2127 siquas
823 2044 856 2107 in
884 2044 992 2126 porcis
1020 2046 1150 2111 relictae

111 2132 330 2217 3grandiores
359 2137 434 2196 sunt
464 2133 609 2215 glaebae.
655 2155 720 2217 qua
743 2136 889 2196 aratrum
911 2154 1043 2197 vomere
1068 2135 1150 2198 lacu·

135 2242 216 2284 ,nam
236 2221 350 2284 striam
368 2220 454 2302 feeit
478 2222 585 2285 sulcus
604 2226 747 2286 vocatur.
777 2220 862 2304 quod
887 2224 938 2285 est
960 2221 1048 2286 inter
1074 2222 1151 2287 dnos

141 2309 248 2372 sulcos
277 2309 362 2372 elata
389 2312 479 2373 terra
506 2309 622 2374 dicitur
649 2332 760 2393 porca,
788 2309 873 2393 quod
902 2330 940 2373 ea
969 2331 1065 2394 seges
1087 2310 1151 2374 fru-

141 2401 285 2460 mentum
312 2398 455 2480 porricit.
501 2399 547 2463 sic
575 2419 701 2482 quoque
730 2403 804 2462 exta
832 2397 900 2461 deis
924 2419 998 2462 cum
1020 2399 1151 2482 dabant,

141 2485 301 2583 porrioege
324 2486 484 2550 dicebant.

85 2589 163 2644 XXX
231 2573 376 2640 Secundo
399 2575 571 2639 intervallo
594 2575 681 2639 inter
702 2570 837 2639 vernum
857 2575 1096 2660 aequinoctium
1122 2578 1153 2639 et

141 2663 350 2746 vergiliarum
369 2670 517 2727 exortum
535 2662 616 2727 haec
634 2663 713 2727 fieri.
751 2669 877 2747 segetes
896 2664 1035 2748 runcari,
1060 2665 1097 2730 id
1112 2667 1154 2729 cst

139 2751 273 2815 herbam
298 2773 315 2814 e
339 2753 503 2833 segetibus
527 2753 708 2836 expurgari,
739 2753 839 2816 boves
863 2756 984 2817 terram
1007 2752 1152 2835 proscin-

97 2838 224 2927 κάετε,
260 2840 391 2903 salicem
424 2841 521 2923 caedi,
553 2844 649 2923 prata
682 2840 818 2904 defendi.
873 2863 955 2925 quae
988 2841 1153 2925 superiore

231 3037 245 3084 7
265 3029 381 3084 arbusta
399 3031 549 3085 stercorari
567 3048 616 3087 om.
699 3037 715 3085 9
736 3030 823 3086 sarire
911 3038 943 3086 12
962 3033 1057 3087 aratio
1076 3049 1155 3089 reno·

141 3101 225 3154 natur
306 3106 339 3155 20
358 3102 480 3169 praediis
498 3101 618 3172 (praedii
641 3103 682 3171 V)
764 3102 937 3171 asperugo
1009 3109 1047 3158 26
1067 3104 1155 3173 porri·

34 3210 38 3215 -
141 3188 206 3241 gere
279 3177 313 3226 28
332 3172 402 3226 haec
420 3173 481 3228 fieri
499 3175 582 3242 (haec
599 3173 661 3226 fieri
679 3173 783 3228 debent
806 3174 843 3241 V,
868 3173 937 3228 haec
954 3173 1022 3229 fieri-
1040 3174 1113 3231 Vct.
1131 3179 1156 3231 st

141 3244 208 3297 libri
225 3260 311 3296 manu
328 3245 426 3312 scripti
444 3247 546 3312 ornnes)
619 3244 649 3297 id
668 3248 710 3298 est
728 3261 777 3299 om.

216 3409 235 3457 9
254 3405 341 3460 sariri
359 3407 447 3463 editio
470 3406 695 3464 commetiuiouu
737 3402 950 3469 ‘assuritana
961 3408 1001 3457 ‘tt
1010 3405 1158 3471 §erficere

105 3469 284 3532 Mr'tr'crnus
