2386 3742
138 113 181 178 66
547 109 734 165 VARRONIS

138 258 182 323 sit
196 257 388 340 faciendum,
403 257 488 341 quod
504 255 634 340 quidam
650 255 803 340 fecerunt,
818 254 991 320 utRomae
1003 258 1152 339 coempta

137 369 236 432 poma
258 368 313 410 rus
337 346 508 410 intulerint
531 346 566 408 in
590 345 806 428 oporotheeen
829 343 1056 408 instruendam
1080 365 1151 410 eon·

108 437 205 504 3vivi
229 457 334 500 eausa.
380 435 415 499 in
438 434 637 518 oporotheea
664 434 751 497 mala
773 455 905 499 manere
928 436 1050 517 putant
1074 431 1150 497 satis

137 523 304 589 commode
329 524 384 588 alii
408 524 441 587 in
460 523 579 587 tabulis
599 523 748 606 inopere
767 527 977 603 marmorato,
1000 521 1060 585 alii
1080 521 1149 586 sub·

137 615 241 677 strata
268 613 361 696 palea
388 612 441 676 vel
468 613 567 676 etiam
595 610 716 693 floccis,
747 611 834 675 mala
858 611 978 694 punica
1000 609 1148 675 demissis
1167 631 1185 695 ⁵.

137 702 203 766 suis
225 701 363 766 surculis
387 701 421 764 in
445 700 531 766 dolio
555 701 705 781 harenae,
730 701 817 764 mala
840 703 979 765 cotonea
1001 699 1147 764 struthea

135 791 170 854 iu
193 790 372 873 pensilibus
396 789 528 874 iunetis3
556 794 670 854 eontra
696 789 733 852 in
757 810 836 873 sapa
859 788 991 853 condita
1019 809 1145 852 manere
1183 746 1185 845 i

135 880 207 963 pira
231 880 378 943 aniciana
401 877 591 963 sementiva3
621 877 718 942 sorba
742 876 873 961 quidam
896 877 1038 941 dissecta
1061 881 1095 941 et
1115 877 1144 940 in

136 969 204 1033 sole
234 971 410 1049 macerata,
440 969 477 1031 ut
506 967 591 1050 pira3
622 969 655 1031 et
678 967 775 1031 sorba
797 988 855 1052 per
878 987 926 1050 se,
954 965 1144 1048 ubicumque

136 1058 202 1121 sint
224 1056 332 1140 posita
353 1056 389 1119 in
412 1055 516 1136 arido,
544 1055 639 1121 facile
662 1055 791 1129 durare:
816 1075 945 1142 servare
968 1076 1053 1138 rapa
1075 1075 1169 1119 eon-u

135 1147 223 1209 secta
250 1145 284 1208 in
313 1145 439 1227 sinape,
466 1165 564 1208 nuces
588 1143 774 1228 iugulandis
797 1144 833 1208 in
855 1144 985 1208 harena.
1031 1143 1144 1227 punies

136 1232 222 1296 mala
246 1237 278 1296 et
305 1232 339 1296 in
366 1232 489 1296 harena
515 1233 581 1296 iam
605 1234 755 1317 decerpta
779 1255 816 1297 ae
841 1236 970 1297 matura
993 1235 1028 1296 at
1051 1231 1142 1296 etiam

134 1323 306 1403 inmatura,
331 1343 402 1384 aum
426 1321 584 1386 haereant
606 1322 640 1385 in
664 1343 723 1385 sua
746 1321 839 1405 virga
864 1324 898 1386 et
921 1320 1091 1386 demiseris
1112 1319 1143 1383 in

134 1411 235 1474 ollam
258 1411 327 1492 sine
350 1408 461 1493 fundo,
483 1431 584 1495 eaque
608 1410 636 1474 si
659 1410 811 1475 coieceris
835 1411 868 1474 in
891 1414 1012 1474 terram
1038 1414 1070 1475 et
1093 1409 1142 1475 ob-

134 1498 211 1563 leris
235 1499 356 1564 circum
379 1520 579 1581 ramumsne
603 1500 801 1564 extrinsecus
826 1500 958 1582 spiritus
978 1498 1087 1583 addet,
1109 1517 1169 1562 eau

133 1609 200 1653 non
223 1588 318 1652 modo
343 1590 472 1670 integra
496 1587 602 1671 eximi,
626 1588 682 1651 sed
706 1588 804 1652 etiam
828 1587 968 1671 maiora,
991 1609 1091 1671 quam
1112 1587 1148 1652 in·

135 1677 250 1740 arbore
274 1697 427 1759 umquam
449 1675 671 1760 pependerint.

78 1780 125 1834 LX
224 1763 274 1828 De
298 1763 445 1844 olivitate
470 1766 558 1829 oleas
582 1765 651 1829 esui
674 1765 796 1849 optime
816 1764 911 1829 condi
931 1763 1046 1829 scribit
1065 1761 1141 1829 Oete

135 1853 251 1917 oraites
276 1856 308 1916 et
330 1874 447 1935 puseas
471 1853 522 1916 vel
547 1853 663 1918 virides
687 1854 721 1917 in
747 1853 852 1918 muria
874 1850 926 1917 vel
950 1854 986 1918 in
1009 1854 1140 1918 lentisco

134 1945 291 2006 contusae.
338 1934 466 2005 oreites'
484 1942 596 2026 nigras
627 1942 746 2026 aridas,
777 1944 841 2007 sale
873 1942 900 2006 si
931 1941 997 2006 sint
1030 1942 1169 2006 contri-a

134 2035 224 2095 eatae
248 2030 315 2094 dies
340 2031 480 2114 quinque
504 2034 537 2094 et
558 2034 630 2095 tum
655 2032 721 2095 sale
745 2052 879 2096 excusso
903 2030 1038 2095 biduum
1062 2031 1141 2096 siin

133 2120 201 2182 sole
229 2119 356 2203 positae
384 2118 518 2202 inerint,
551 2141 681 2184 manere
701 2103 842 2184 idoneas
866 2120 982 2184 solere:
1017 2120 1142 2184 easdem

61 2222 123 2276 LXI
133 2207 201 2271 sine
235 2208 301 2271 sale
331 2208 366 2270 in
397 2206 557 2271 defrutum
588 2209 681 2273 condi
711 2212 806 2274 reete.
853 2229 1017 2273 amurcam
1050 2209 1142 2294 periti
1183 2210 1185 2233 '

133 2296 293 2379 agricolae
325 2298 393 2358 tam
432 2295 468 2358 in
503 2295 604 2360 doleis
642 2299 783 2362 condunt
819 2319 917 2382 quem
949 2298 1058 2361 oleum
1092 2301 1144 2362 aut
1183 2258 1185 2335 i

132 2384 252 2448 vinum.
299 2384 366 2447 eius
395 2384 551 2449 conditio:
582 2408 654 2450 eum
685 2408 838 2470 expressa
866 2386 1003 2471 effluxit,
1032 2386 1172 2470 [quod]a

132 2473 244 2538 statim
264 2473 302 2538 de
322 2495 360 2537 ea
379 2472 600 2557 decoquuntur
624 2473 705 2538 duae
728 2478 837 2558 partes
862 2479 894 2538 et
917 2474 1143 2557 refrigeratum

131 2563 281 2627 conditur
303 2563 337 2626 in
361 2584 448 2627 vasa.
496 2566 572 2626 sunt
596 2562 674 2626 item
699 2564 783 2628 aliae
806 2563 1025 2648 conditiones,
1048 2569 1087 2628 ut
1110 2586 1144 2629 ea

131 2650 165 2713 in
190 2673 253 2734 qua
276 2651 414 2714 adicitur
433 2649 487 2730 [L]
506 2653 659 2715 mustum,
1165 2672 1171 2685 ·

221 2824 396 2894 lcoempta]
416 2825 516 2893 coapta
588 2825 654 2879 tin
673 2827 842 2895 oporotheee
897 2824 1022 2880 conuiuii
1083 2828 1145 2882 4in

130 2893 225 2964 opere]
245 2897 277 2947 ut
296 2911 379 2963 opere
439 2896 601 2967 8quidem]
621 2898 758 2964 quaedam
821 2898 886 2952 9et
904 2913 987 2951 serua
1044 2902 1080 2952 14
1100 2899 1144 2953 ob«

129 2964 208 3035 ieris]
228 2965 331 3018 obteris
418 2972 452 3019 15
470 2968 517 3038 ne]
538 2968 562 3020 si
636 2974 669 3020 16
689 2967 787 3022 exsimi
876 2974 907 3022 19
927 2984 1031 3037 puseas
1050 2968 1144 3024 aridas

129 3036 176 3089 uel
198 3034 303 3090 uirides
326 3037 355 3089 in
379 3035 469 3090 muria
492 3038 538 3090 uel
561 3038 680 3092 lentisco
699 3041 831 3094 contusas
850 3039 952 3094 oreites
970 3038 1068 3108 nigras
1089 3042 1144 3095 sale

130 3113 164 3160 23
185 3107 296 3160 condire
315 3110 390 3162 recte
463 3114 498 3162 24
517 3109 546 3162 in
565 3109 633 3163 oleis

202 3255 215 3301 1
236 3252 395 3318 coemptae
467 3250 528 3305 tin
548 3251 737 3320 oporotbecen
754 3251 978 3306 instruendamv
1051 3255 1069 3305 8
1085 3253 1143 3322 qui-

129 3321 227 3374 damv
319 3327 353 3374 14
372 3320 474 3376 obleris
498 3323 683 3389 Zablsetdtias
704 3329 805 3392 quaest.
825 3325 884 3379 erit.
900 3341 930 3392 p.
951 3327 988 3378 30
1064 3330 1097 3377 15
1116 3322 1144 3378 ni

119 3391 297 3446 extrinsecus
321 3391 440 3448 Ursinus
520 3399 552 3449 ts
571 3394 620 3449 uei
636 3394 667 3448 in
682 3393 803 3449 lentisco
822 3395 969 3449 lucendus
987 3411 1022 3449 ere
1041 3393 1144 3450 Getone

102 3463 176 3527 Ze(
249 3469 287 3519 23
309 3466 397 3522 condi
421 3465 544 3526 Ursinus
617 3471 657 3521 ‘tt
671 3465 705 3520 in
722 3465 807 3519 ustus
822 3464 963 3519 ventosus
