2386 3742
299 122 430 179 RERVM
448 122 687 179 RVSTICARVM
704 123 773 179 LlB.
791 124 805 178 I
823 130 839 178 2
1030 123 1071 187 13

147 267 206 332 Illi
227 269 352 334 interea
375 268 416 334 ad
439 290 508 352 nos,
532 272 565 334 et
586 269 686 352 Stolo,
708 269 797 339 Num
820 291 899 334 cona
918 279 1123 353 comessa,11

52 357 179 442 inquit,
210 358 382 423 venimus?
427 380 505 422 nam
537 381 604 424 non
635 358 670 423 L.
698 359 844 422 videmus
876 358 1072 441 Fundilium,

54 447 115 530 qui
142 467 203 510 nos
227 447 409 512 advocavit.
452 446 545 512 Bono
569 448 678 512 animo
702 452 783 532 este,
812 447 919 531 inquit
941 447 1073 531 Agrius.

54 557 136 599 nam
161 556 229 600 non
257 534 354 600 modo
382 557 479 619 ovom
506 535 581 601 illut
604 536 769 600 sublatum
793 539 856 618 cst,
880 535 965 620 quod
988 535 1073 599 ludis

25 623 257 688 seucensibus
284 624 456 688 novissimi
484 625 634 689 curriculi
661 624 758 688 finem
790 623 870 688 facit
897 623 1073 708 quadrigis,

57 712 117 776 sed
144 732 186 775 ne
214 711 296 776 illud
325 713 454 797 quidem
483 734 580 778 ovom
607 713 760 796 vidimus,
791 711 878 795 quod
906 715 939 776 in
968 712 1072 778 canali

57 821 182 883 pompa
209 800 293 865 solet
315 822 386 865 esse
416 802 567 884 primum.
612 802 724 884 itaque
747 800 824 879 dum
847 802 880 865 id
903 802 1125 866 nobiseumra

56 910 125 952 una
147 888 286 954 videatis
310 911 347 954 ac
370 890 461 954 venit
479 890 670 971 aeditumus‚
694 889 804 954 docete
822 911 893 973 nos,
916 889 988 975 agri
1007 889 1074 954 cul-

57 981 135 1042 tura
157 999 255 1061 quam
279 999 439 1042 summam
462 979 591 1063 habeat,
618 978 838 1043 utilitatemne
862 1000 904 1042 an
926 979 1074 1062 volupta-

17 1069 129 1130 rotem
157 1087 201 1130 an
222 1071 404 1152 utrumque.
451 1068 491 1145 ad
518 1072 551 1132 te
575 1068 660 1131 enim
683 1068 796 1132 rudem
819 1089 890 1132 esse
914 1067 985 1151 agri
1009 1067 1074 1131 eul-

59 1158 154 1218 turae
177 1175 276 1238 nuno,
308 1156 386 1220 olim
410 1156 450 1221 ad
475 1153 642 1221 Stolonem
664 1156 765 1220 fuisse
787 1156 908 1222 dicunt.
953 1154 1076 1238 Scrofa,

59 1241 170 1326 Prius,
195 1244 316 1328 inquit,
343 1244 602 1324 discernendum,
629 1249 739 1309 utrum
764 1266 846 1329 quae
870 1250 1018 1309 serantur
1040 1244 1075 1307 in

60 1351 152 1415 agro,
176 1354 215 1396 ea
238 1333 309 1396 sola
332 1333 398 1396 sint
421 1333 455 1396 in
479 1334 614 1416 cultura,
638 1356 680 1397 an
703 1334 803 1397 etiam
823 1356 904 1417 quae
922 1333 1075 1398 inducan-

59 1424 117 1484 tur
138 1420 279 1504 inrum,
301 1424 338 1485 ut
361 1443 438 1486 oves
463 1426 495 1486 et
519 1426 676 1487 armenta.
721 1422 815 1486 video
840 1423 936 1500 enim,
959 1423 1014 1505 qui
1036 1421 1074 1484 de
1087 1429 1126 1486 13

18 1530 45 1571 15
61 1509 133 1593 agri
156 1509 283 1574 cultura
307 1511 506 1595 scripserunt
529 1515 562 1575 et
579 1511 712 1594 poenice
731 1514 763 1574 et
782 1531 897 1595 graece
916 1513 949 1574 et
967 1511 1076 1593 latine,

60 1596 163 1661 latius
191 1601 343 1682 vagatos,
375 1621 473 1683 quam
501 1600 690 1682 oportuerit.
741 1598 815 1682 Ego
846 1620 936 1681 vero,
967 1599 1076 1682 inquit

61 1683 170 1770 Stolo,
198 1707 253 1751 eos
277 1708 345 1751 non
371 1688 406 1751 in
434 1689 523 1751 omni
550 1710 585 1751 re
612 1687 787 1752 imitandos
817 1687 959 1751 arbitror
982 1691 1015 1751 et
1037 1709 1075 1751 eo

61 1774 180 1838 melius
203 1773 319 1840 fecisse
342 1776 511 1861 quosdam,
535 1777 590 1860 qui
612 1776 737 1840 minore
758 1777 904 1858 pomerio
922 1776 1077 1840 finierunt

62 1863 201 1928 exclusis
233 1864 381 1947 partibus
414 1886 496 1949 quae
528 1886 596 1929 non
626 1865 792 1948 pertinent
821 1864 862 1928 ad
889 1865 972 1929 hanc
999 1886 1075 1927 rem.

18 1975 46 2014 so
63 1972 163 2034 quare
189 1955 261 2016 tota
289 1953 411 2037 pastio,
440 1975 522 2037 quae
545 1954 753 2036 coniungitur
776 1974 795 2016 a
817 1953 980 2037 plerisque
1004 1974 1077 2016 cum

61 2040 137 2123 agri
159 2039 297 2121 cultma,
323 2043 429 2127 magis
454 2043 494 2106 ud
521 2045 686 2126 pastorem
715 2063 813 2125 quam
836 2041 876 2105 ad
901 2041 1077 2124 agricolam

60 2128 226 2212 portinere
253 2128 390 2194 videtur.
436 2132 586 2215 quocirca
616 2131 776 2215 principes
801 2130 856 2214 qui
878 2130 1006 2213 utrique
1029 2129 1130 2193 rei14

60 2222 307 2301 praeponuntur
326 2219 491 2284 vocabulis
511 2241 638 2303 quoquc
655 2224 731 2284 sunt
747 2219 874 2297 diversi,
894 2219 979 2302 quod
992 2241 1076 2282 unus

62 2310 199 2370 vocatur
226 2306 354 2391 vilicus,
382 2308 467 2372 alter
494 2308 651 2393 magister
682 2307 816 2391 pecoris.
865 2308 978 2371 vilicus
1007 2308 1077 2389 agri

20 2416 47 2457 ss
63 2392 190 2458 colendi
221 2415 318 2459 causa
354 2397 552 2461 constitutus
587 2399 684 2481 atque
722 2396 905 2478 appellatus
939 2418 959 2460 a
990 2396 1078 2478 villa,

63 2483 151 2567 quod
174 2482 216 2546 ab
240 2505 278 2547 eo
301 2484 336 2546 in
360 2506 432 2548 eam
456 2485 679 2549 convehuntur
696 2485 820 2549 fructus
839 2487 872 2546 et
890 2483 1078 2566 evehuntur,

63 2592 138 2635 cum
160 2575 310 2636 veneunt
346 2595 366 2636 a
385 2594 448 2657 quo
472 2573 587 2637 rustici
610 2575 708 2636 etiam
731 2593 816 2636 nunc
839 2593 966 2655 quoquc
989 2572 1078 2635 viam

62 2659 180 2725 veham
196 2659 364 2743 appellant
377 2666 510 2745 proptor
523 2665 672 2725 vecturus
687 2665 720 2725 et
734 2660 862 2742 vallam,
877 2681 942 2724 non
957 2659 1077 2743 villam,

63 2770 128 2832 quo
152 2748 276 2813 vehunt
298 2753 331 2813 et
353 2750 438 2814 unde
461 2751 612 2815 evehunt.
653 2750 733 2834 item
757 2749 906 2813 dicuntur
930 2749 984 2832 qui
1007 2770 1077 2813 vec-

156 2944 170 2992 1
186 2944 313 2994 comessa
327 2943 465 3008 (comessa
479 2941 551 3010 Pol.)
597 2947 613 2994 3
629 2941 695 2995 estis
709 2939 804 3008 inquit
817 2939 909 2993 acrius
952 2946 968 2993 4
983 2945 1077 3005 ovom]

63 3027 129 3065 cum
185 3014 201 3064 ὅ
221 3008 402 3065 circiensibus
461 3016 495 3066 27
515 3013 591 3066 uiam
608 3011 710 3066 ueham
729 3011 874 3080 appellant
892 3011 979 3080 (uiam
997 3027 1079 3064 ueam

64 3079 367 3151 appellantuonnullu
385 3085 547 3152 opoyrapha
569 3088 594 3137 et
615 3083 698 3149 Vict,
723 3082 798 3136 uiam
817 3087 863 3154 ura
881 3097 963 3136 ueam
982 3079 1079 3150 appel·

62 3153 127 3207 lant
149 3152 208 3208 sod.
233 3152 315 3220 Pon,
342 3152 419 3207 uiam
444 3154 546 3208 ueham
570 3153 714 3223 appellant
736 3153 764 3207 V
778 3170 839 3208 cum
857 3153 990 3222 plurimis
1013 3168 1078 3220 apo-

63 3224 191 3292 craphs's)
262 3229 296 3278 29
315 3224 389 3278 unde
407 3224 515 3279 uehunt

66 3469 99 3523 Π
131 3401 287 3484 ‘sesac
394 3406 514 3458 socom
536 3401 699 3460 Potitiaaus
807 3406 846 3456 uu
863 3400 946 3454 unus
968 3397 1104 3450 aucam

92 3484 189 3524 mnus
