2386 3742
140 127 183 192 58
556 127 743 184 VARRONIS

141 277 254 339 tumno
274 277 330 338 aut
349 273 455 338 hieme
474 274 579 359 magis
595 274 654 338 sub
669 277 757 337 terra
771 295 870 358 quam
885 294 983 356 supra
998 274 1151 359 aleecunt,

141 362 226 448 quod
248 366 353 426 tectae
376 366 481 426 terrae
505 367 616 445 tepore
639 366 881 447 propagantur,
910 384 1009 447 supra
1032 366 1152 428 terram

141 473 215 516 aere
237 451 404 535 frigidiore
428 454 600 534 eoguntur.
644 451 754 535 itaque
783 451 831 516 ita
859 473 928 516 ease
958 451 1077 517 docent
1101 452 1151 516 sil·

140 540 275 622 vestria,
305 540 345 603 ad
374 562 455 625 quae
484 543 572 605 sator
599 561 666 604 non
695 541 841 606 accessit.
886 561 962 605 nam
987 540 1081 623 prius
1103 563 1152 604 ra·

141 628 236 712 dicer,
260 651 359 712 quam
383 650 421 692 ex
444 629 485 692 iis
509 629 595 712 quod
618 629 704 693 solet
725 629 825 713 nasei,
849 634 1005 694 creseunt
1050 650 1153 713 neque
1173 648 1183 690 a

141 716 266 781 radices
289 718 418 802 longius
442 717 631 800 procedunt,
661 717 726 782 nisi
750 740 813 802 quo
837 721 931 802 tepor
954 716 1045 782 venit
1069 717 1153 783 solis.

142 806 259 889 duplex
282 827 380 870 causa
403 807 569 885 radieium,
593 807 678 890 quod
701 808 733 870 et
752 808 919 870 materiem
939 806 1038 871 aliam
1058 828 1157 891 quam·

142 894 242 959 aliam
269 895 401 978 longius
429 895 548 979 proicit
570 900 696 978 natura,
727 899 759 958 et
784 896 869 978 quod
893 895 957 959 alia
978 898 1069 959 terra
1092 895 1154 960 alia

68 997 155 1051 XLVI
165 983 293 1048 facilius
311 984 397 1047 viam
416 984 480 1050 dat.
516 988 651 1066 propter
669 978 760 1048 onius
784 984 870 1048 modi
893 1005 945 1048 res
965 983 1154 1048 admiranda

141 1071 328 1136 discrimina
352 1077 427 1136 sunt
449 1075 584 1137 naturae
608 1072 746 1156 aliquot,
777 1095 816 1136 ex
844 1072 1038 1158 quibusdam
1065 1072 1185 1138 foliisa

140 1164 274 1244 propter
302 1181 412 1224 eorum
441 1181 622 1244 versuram,
656 1161 741 1245 quod
773 1163 815 1225 sit
843 1160 920 1227 anni
941 1165 1092 1245 ·tempuS‚
1120 1164 1155 1224 ut

140 1249 203 1313 diei
226 1249 347 1332 possit,
370 1253 407 1312 ut
431 1250 502 1313 olea
525 1253 558 1313 et
581 1249 722 1333 populus
746 1250 821 1314 alba
844 1254 877 1314 et
901 1250 992 1315 salix.
1037 1249 1154 1314 horum

141 1337 227 1401 eninr
258 1336 339 1402 folia
372 1358 445 1402 oum
478 1342 707 1403 converterunt
740 1359 789 1417 se,
824 1339 1005 1403 solstitium
1036 1338 1154 1403 dieitur

140 1426 250 1491 fuisse.
299 1447 359 1490 nee
387 1427 494 1490 minus
524 1427 748 1491 admirandum
777 1427 862 1510 quod
893 1428 931 1491 fit
953 1427 987 1490 in
1010 1426 1154 1510 floribus,

141 1537 223 1597 quoa
251 1518 370 1580 vocant
398 1515 596 1598 heliotropia
619 1515 660 1579 ab
684 1537 735 1599 eo,
765 1516 849 1600 quod
878 1517 918 1581 ad
942 1515 1020 1580 solis
1046 1520 1186 1580 ortumu

140 1626 235 1668 mane
259 1607 408 1687 spectant
436 1607 468 1667 et
497 1605 565 1668 eius
593 1604 656 1667 iter
684 1605 731 1668 ita
755 1608 907 1669 secuntur
931 1604 971 1667 ad
995 1625 1154 1687 oceasum,

140 1697 177 1756 ut
200 1693 240 1756 ad
264 1714 337 1755 eum
361 1714 488 1775 semper
510 1696 667 1776 spectent.
1031 1703 1035 1713 “

68 1795 172 1850 XLVII
230 1779 269 1844 In
294 1781 468 1847 seminario
487 1804 569 1865 quae
588 1782 726 1845 surculis
746 1781 871 1846 consita
890 1785 922 1846 et
941 1803 1053 1846 eorum
1075 1781 1154 1847 mol-

141 1869 224 1933 liora
238 1872 334 1933 erunt
347 1874 463 1934 natura
478 1871 659 1952 cacumina,
677 1875 715 1934 ut
730 1870 801 1934 olea
815 1892 852 1934 ac
866 1871 956 1954 flaua,
975 1891 1013 1934 ea
1027 1892 1154 1935 summa

141 1959 316 2042 integenda
348 1959 433 2023 binis
466 1958 596 2024 tabellis
629 1959 744 2023 dextra
776 1964 809 2023 et
842 1959 976 2023 sinistra
1008 1958 1185 2045 deligatas

141 2047 324 2131 herbaeque
348 2046 522 2132 eligendae.
551 2069 606 2112 eae
626 2047 701 2111 dum
719 2051 850 2112 tenerae
870 2052 955 2128 sunt,
978 2047 1155 2114 vellendas.

142 2136 246 2200 aerius
277 2136 364 2199 enim
393 2135 502 2204 arida-e
529 2135 634 2200 factae
662 2137 812 2200 rixantur
840 2158 878 2200 ao
906 2136 1042 2201 celerius
1072 2159 1155 2201 rum·

141 2228 275 2308 puntur,
311 2246 408 2308 quam
438 2227 598 2288 secuntur.
649 2229 764 2289 contra
791 2225 893 2290 herba
919 2224 954 2289 in
981 2225 1085 2309 pratis
1116 2225 1156 2289 ad

143 2332 233 2394 spem
267 2312 453 2376 faenisiciae
485 2316 563 2377 nata
595 2336 662 2378 non
693 2314 789 2377 modo
821 2335 889 2379 non
921 2313 1090 2378 evellenda
1122 2314 1156 2378 in

141 2401 315 2482 nutricatu,
338 2402 393 2465 sed
417 2403 515 2466 etiam
538 2423 604 2467 non
627 2403 789 2467 calcanda.
836 2424 898 2486 quo
928 2407 961 2466 et
990 2424 1090 2484 pecus
1114 2404 1189 2468 aba

141 2492 235 2572 prato
256 2490 473 2574 ablegandum
492 2495 525 2555 et
543 2512 637 2554 omne
656 2492 846 2576 iumentum,
866 2492 964 2554 etiam
978 2491 1158 2559 hominem.

142 2578 248 2642 solum
272 2579 357 2644 enim
381 2578 523 2644 hominia
543 2580 676 2644 exitium
695 2580 815 2644 herbae
835 2583 868 2643 et
887 2580 1022 2644 semitae
1040 2579 1158 2645 funda·

61 2681 176 2738 XLVIII
186 2671 340 2732 mentum.
367 2668 403 2733 in
422 2668 587 2753 segetibus
607 2673 715 2732 autem
734 2669 930 2733 frumentum
945 2690 1009 2752 quo
1030 2669 1159 2734 culmus

231 2899 247 2946 2
267 2894 342 2963 quod
360 2896 452 2949 tectae
473 2896 540 2964 (quo
558 2897 633 2950 tecte
652 2897 721 2966 Pol,
741 2896 817 2964 quod
837 2897 931 2950 tectae
946 2895 1073 2964 plurimu
1091 2913 1160 2967 upo-

142 2965 259 3034 9rupba)
333 2966 519 3036 3ooguntnr]
538 2965 687 3034 tinguntur
758 2968 858 3034 latq3
878 2969 955 3021 sator
1026 2968 1160 3023 bsolent

143 3036 269 3107 ttepor]
292 3039 419 3104 tempore
499 3037 660 3091 tradieum
742 3036 889 3092 materiem
909 3038 1067 3106 (materiam
1090 3038 1120 3094 V
1135 3047 1160 3095 et

141 3107 279 3162 nonnullo
289 3109 460 3178 apographa)
516 3114 549 3162 10
563 3110 665 3164 natura
679 3108 795 3178 aliquod
851 3115 883 3163 19
898 3124 931 3163 ae
945 3109 964 3161 fi
979 3113 1023 3177 (ae
1036 3109 1106 3163 fieus
1119 3111 1158 3181 V)

142 3184 175 3233 22
195 3178 299 3249 aerius]
319 3177 396 3248 prius
451 3186 485 3234 23
504 3178 619 3233 herbam

222 3416 240 3464 6
264 3411 349 3480 tepor
372 3410 483 3482 Popma
593 3416 608 3467 'l
637 3409 1098 3480 iadioium'Oburtsiaro.142,
1122 3417 1159 3468 14

113 3480 153 3527 19
171 3492 209 3534 ao
225 3479 303 3538 fieus
321 3501 352 3540 m
371 3489 398 3541 et
418 3489 559 3544 corrector
580 3484 687 3542 codicia
706 3481 869 3538 Floreatiut
958 3485 998 3531 22
1009 3481 1104 3532 nerea.
1117 3500 1164 3536 rao
