2386 3742
268 180 399 235 aaavn
417 179 655 236 avsrrcmvn
674 181 743 236 ms.
758 179 797 234 111
813 188 917 236 re-rr
1032 160 1101 245 ’163

84 329 182 410 atque
211 325 443 408 obstupescunt
469 329 631 410 potantes.
677 326 705 390 si
734 347 772 390 ex
800 327 873 390 alvo
901 326 1009 389 minus
1039 325 1154 392 fre-36

84 421 219 499 quentes
243 416 384 480 evadunt
413 436 450 479 ac
479 415 618 479 subsidit
642 416 751 499 aliqua
774 437 859 498 pars,
882 414 1104 499 subfumigan-

85 505 162 567 dum
191 508 224 567 et
251 525 352 588 prope
381 502 605 586 adponendum
632 503 715 567 bene
747 504 905 568 olentium
928 504 1103 568 herbarum

83 592 226 656 maxime
260 594 440 676 apiastrum
475 599 508 658 et
538 593 696 676 thymum.
746 591 981 676 providendum
1008 592 1102 657 rehe-
1115 602 1154 660 37

56 685 212 746 amenter
234 703 274 745 ne
297 687 432 765 propter
454 685 582 746 aestum
606 686 662 745 aut
684 685 818 766 propter
836 680 942 767 frigus
963 681 1103 764 dispere-

84 775 151 836 ant.
197 771 225 834 si
249 771 377 854 quando
402 771 510 836 subito
534 771 631 834 imbri
654 770 688 833 in
712 776 808 855 pastu
833 777 910 834 sunt
929 791 1104 852 oppressae

84 864 143 923 aut
161 858 283 942 frigore
303 860 420 936 subito,
444 863 618 942 antequam
642 861 733 942 ipsae
752 859 955 943 providerint
972 859 1007 922 id
1024 858 1104 942 fore,

84 947 172 1032 quod
205 948 322 1012 accidit
352 969 426 1012 raro
459 951 497 1011 ut
530 948 747 1031 decipiantur,
785 952 818 1013 et
849 948 963 1011 imbris
1001 947 1104 1032 guttis

83 1035 240 1101 uberibus
265 1036 405 1101 offensae
433 1037 540 1101 iacent
562 1041 761 1120 prostratae,
790 1044 826 1101 ut
848 1036 999 1120 afflictae,
1028 1058 1103 1100 con·

42 1148 69 1189 ro
84 1125 251 1210 ligandum
280 1146 335 1190 eas
363 1127 397 1188 in
423 1148 480 1190 vas
504 1126 636 1210 aliquod
660 1131 692 1190 et
714 1126 936 1210 reponendum
958 1126 1102 1189 intecto

84 1214 158 1279 loeo
183 1236 220 1279 ac
242 1214 363 1296 tepid0,
385 1215 533 1297 proximo
557 1215 609 1279 die
632 1237 730 1298 quam
748 1215 888 1279 maxime
907 1217 1103 1297 tempestate

84 1304 173 1367 bona
196 1303 302 1367 cinere
326 1303 412 1367 facto
437 1325 453 1366 e
476 1303 624 1368 ficulneis
648 1303 747 1388 lignis
775 1303 975 1368 infriandum
1004 1303 1103 1386 paulo

84 1393 159 1474 plus
187 1391 279 1456 caldo
307 1413 404 1474 quam
435 1392 603 1475 tepidiore.
649 1392 763 1457 deinde
787 1391 1035 1458 concutiendum
1058 1392 1103 1456 le·
1159 1410 1162 1415 ·

85 1481 170 1546 viter
192 1480 265 1564 ipso
288 1502 376 1562 vase,
399 1486 436 1544 ut
458 1502 556 1545 manu
579 1501 646 1544 non
668 1484 798 1566 tangas,
821 1485 854 1544 et
877 1480 1044 1564 ponendae
1067 1480 1103 1544 in

43 1593 70 1633 ra
86 1569 165 1634 sole.
211 1591 293 1653 quae
326 1569 411 1633 enim
444 1569 490 1633 sic
518 1569 763 1653 concaluerunt,
798 1571 976 1634 restituunt
1005 1591 1038 1632 se
1067 1590 1104 1633 ac
1115 1577 1156 1635 38

84 1658 299 1738 revivescunt,
331 1663 367 1720 ut
399 1659 485 1722 solet
517 1658 669 1722 similiter
700 1657 772 1722 fieri
803 1658 839 1723 in
871 1658 992 1722 muscia
1021 1680 1106 1741 aqua

84 1745 218 1810 necatis.
272 1746 334 1810 hoe
365 1746 547 1811 faciendum
581 1740 757 1811 secundum
790 1748 895 1829 alvos,
925 1750 963 1810 ut
994 1768 1104 1811 recon-

85 1835 215 1899 ciliatae
240 1834 279 1897 ad
304 1856 397 1900 suum
420 1857 565 1920 quaeque
589 1857 670 1920 opus
695 1840 728 1900 et
745 1836 943 1900 domicilium
961 1836 1104 1900 redeant

176 1922 305 1987 Interea
331 1923 415 1987 redit
442 1924 483 1988 ad
510 1946 569 1989 nos
598 1924 687 1989 Pavo
711 1930 756 2008 et,
789 1923 961 2007 siralais,
988 1924 1181 2008 inquit,le

46 2037 72 2076 ao
87 2033 223 2076 ancoras
251 2011 381 2095 tollere,
409 2013 486 2077 latis
513 2014 636 2079 tabulis
665 2013 796 2078 sortitio
819 2014 858 2077 fit
880 2013 1038 2094 tribuum,
1067 2034 1104 2077 ac

86 2102 194 2184 coepti
222 2107 298 2164 sunt
328 2123 347 2164 a
374 2123 534 2185 praecone
561 2101 675 2185 recini,
704 2123 799 2186 quem
830 2122 974 2185 quaeque
997 2102 1104 2165 tribus

85 2190 201 2254 fecerit
228 2188 374 2256 aedilem.
426 2190 552 2274 Appius
581 2190 753 2255 confestim
781 2191 899 2274 surgit,
926 2193 963 2253 ut
984 2189 1103 2254 ibidem

86 2278 257 2344 candidato
293 2300 351 2343 suo
384 2280 607 2364 gratularetur
640 2300 677 2343 ac
709 2280 888 2344 discederet
917 2279 951 2343 in
981 2278 1104 2344 hortos.

85 2365 222 2446 Merula,
241 2367 387 2431 Tertium
406 2373 512 2432 aetum
529 2369 567 2432 de
582 2369 789 2452 pastionibus
808 2368 962 2432 villaticis
981 2374 1105 2452 postea,

44 2478 71 2519 aa
86 2456 201 2541 inquit,
224 2456 287 2518 tibi
310 2456 452 2539 reddam,
476 2456 548 2521 Axi.
594 2455 873 2541 Consurgentibus
896 2457 978 2540 illis,
1000 2455 1104 2521 Axius

86 2544 167 2608 mihi
181 2544 440 2627 respectantibus
454 2545 559 2625 nobis,
577 2544 664 2629 quod
678 2549 710 2608 et
729 2545 937 2610 candidatum
956 2552 1105 2609 nostrum

86 2638 259 2698 venturum
292 2632 485 2716 sciebamus,
517 2633 594 2699 Non
627 2635 758 2715 laboro,
790 2634 905 2718 inquit,
936 2633 999 2697 hoc
1031 2633 1103 2698 loco

86 2721 276 2785 discessisse
313 2721 480 2788 Merulam.
534 2723 660 2807 reliqua
693 2723 780 2787 enim
812 2722 878 2786 fere
915 2722 997 2785 mihi
1027 2725 1104 2786 sunt
1136 2731 1155 2787 2

86 2817 174 2893 nota,
198 2811 293 2894 quod,
316 2833 390 2874 cum
412 2812 610 2896 piscinarum
633 2831 753 2896 genera
777 2811 843 2876 sint
866 2812 939 2890 duc,
962 2811 1105 2875 dulcium

176 3007 192 3056 2
212 3001 430 3072 subfumigando
505 3008 536 3056 11
556 3001 684 3072 proximo
709 3001 767 3073 die]
791 3018 920 3073 promum
940 3019 955 3056 e
974 3001 1105 3058 dienato

85 3073 179 3127 nundi
205 3074 334 3140 adposita
407 3079 440 3127 12
469 3074 546 3127 facta
619 3079 651 3128 17
681 3074 791 3143 negatis
863 3071 1043 3128 reconciliare
1069 3073 1105 3126 ad

86 3160 169 3198 usum
199 3160 310 3212 quaque
340 3143 549 3214 (reconciliatae
578 3145 614 3198 ad
644 3161 723 3209 suum
748 3161 875 3214 quaeque
899 3143 938 3212 V)
1012 3150 1044 3198 19
1062 3145 1104 3197 in·

86 3215 155 3282 quid
175 3213 311 3357 arpchoras
377 3221 411 3269 21
431 3215 530 3270 reciuii
597 3222 631 3268 22
650 3214 769 3270 feceriut
832 3215 932 3285 appius
950 3216 1049 3284 (Apius
1064 3213 1104 3283 V)

87 3291 122 3340 29
143 3285 199 3338 sint
229 3288 295 3339 sunt

175 3462 495 3531 seuffumigandumc
571 3470 605 3521 12
628 3464 749 3521 iactos
823 3469 865 3516 ‘m
883 3459 986 3514 ream
1002 3455 1131 3515 &saiw

77 3538 113 3584 29
131 3532 190 3586 sint
208 3533 264 3588 duo
283 3534 440 3594 [mandas

948 3608 1010 3663 XX*
