2386 3742
318 117 704 195 anavu'avsrrosavu
723 139 791 195 urs.
805 139 861 194 111
1056 139 1099 203 73

84 307 160 350 cum
180 305 307 368 semper
324 284 426 349 fuisse
445 285 489 349 sit
506 306 638 350 necesse
656 288 775 349 natura
791 321 830 334 -
846 284 914 349 sive
934 284 1021 349 enim
1039 285 1098 349 ali·

84 372 173 457 quod
196 373 259 438 fuit
281 372 477 457 principium
499 373 674 459 generandi
693 374 892 456 animalium,
914 376 951 438 ut
969 374 1099 458 putavit

84 462 207 527 Thales
221 461 366 526 Milesius
385 465 419 525 et
432 461 517 527 Zeno
532 461 666 545 Citieus,
685 462 753 527 sive
773 466 885 527 contra
903 462 1099 547 principium

83 551 205 615 horum
228 551 336 615 extitit
358 549 495 634 nullum,
523 554 561 615 ut
583 550 720 616 credidit
741 550 946 636 Pythagoras
971 549 1099 617 Samius

54 643 120 705 aet
144 638 339 705 Aristoteles
368 637 559 725 Stagerites,
586 661 718 704 necesse
747 643 796 704 est
822 639 985 705 humanae
1013 641 1099 706 vitae

84 728 128 794 ab
162 750 289 793 summa
324 730 481 793 memoria
513 727 675 813 gradatim
707 728 909 793 descendisse
943 728 984 793 ad
1016 728 1100 793 hane

85 822 243 899 aetatem,
265 821 303 882 ut
327 817 441 881 scribit
462 816 692 901 Dicaearchus,
719 820 752 881 εὴ
776 839 938 881 summum
962 817 1100 902 gradum
1120 875 1123 879 .

83 905 188 970 fuisse
210 906 403 990 naturalem,
427 927 500 970 cum
522 906 671 971 viverent
691 906 841 971 homines
865 927 905 969 ex
929 906 969 969 iis
993 906 1100 989 rebus,

85 1015 171 1079 quae
199 995 357 1061 inviolata
384 995 469 1060 ultro
496 994 596 1059 terret
623 999 723 1076 terra,
751 1016 791 1058 ex
820 993 882 1059 hac
905 995 972 1058 vita
995 994 1030 1058 in
1054 1004 1131 1060 se·4

39 1108 70 1148 ιο
86 1083 226 1148 cundem
249 1083 453 1148 descendisse
473 1083 690 1168 pastoriciam,
713 1105 730 1148 e
748 1083 828 1148 feris
847 1088 943 1168 atque
963 1084 1100 1168 agresti<

84 1172 149 1237 bus
179 1176 217 1236 ut
247 1172 417 1237 arboribus
448 1193 485 1237 ac
514 1172 665 1256 virgultis
697 1173 762 1255 [ac]
787 1172 987 1256 decerpendo
1012 1174 1101 1258 glan-

86 1261 176 1346 dem,
199 1261 363 1346 arbutum,
392 1282 496 1344 mora,
524 1282 622 1344 poma
641 1261 834 1346 colligerent
857 1260 898 1325 ad
921 1284 1031 1346 usum,
1054 1262 1101 1326 sic

86 1372 129 1414 ex
156 1349 352 1415 animalibus
380 1371 454 1414 cum
481 1354 614 1433 propter
642 1351 775 1414 eandem
797 1351 990 1434 utilitatem,
1018 1372 1101 1435 quae

85 1441 235 1522 possent,
272 1439 436 1503 silvestria
472 1438 706 1521 deprenderent
738 1460 775 1502 ac
808 1438 1035 1503 concluderent
1068 1442 1101 1503 εὴ

40 1550 71 1592 15
86 1531 359 1592 mansuescerent.
390 1527 515 1610 inquis
534 1528 677 1610 primum
695 1549 761 1591 non
780 1528 850 1591 sine
870 1548 968 1591 causa
985 1530 1104 1611 putant

86 1637 166 1681 oves
190 1616 377 1699 adsumptae
398 1619 431 1680 εὴ
448 1618 582 1699 propter
600 1616 779 1680 utilitatem
798 1621 831 1679 et
848 1618 984 1700 propter
1002 1616 1101 1700 placi-

85 1705 233 1771 ditatem.
279 1705 419 1768 maxime
448 1704 532 1768 enim
562 1705 623 1769 hae
651 1708 770 1769 natura
793 1705 920 1789 quietae
944 1707 978 1768 et
1001 1705 1102 1788 aptis·

86 1794 190 1858 simae
219 1792 259 1858 ad
286 1793 388 1858 vitam
418 1793 595 1858 hominum.
641 1793 682 1857 ad
710 1794 818 1858 cibum
848 1794 934 1858 enim
962 1794 1045 1859 lacte
1069 1797 1103 1858 et

87 1903 218 1947 caseum
246 1881 444 1966 adhibitum,
472 1881 512 1945 ad
541 1903 659 1966 eorpus
687 1883 842 1947 vestitum
865 1885 898 1946 et
920 1882 1023 1965 pelles
1048 1882 1102 1946 ad-

43 1971 241 2057 retulerunt.
277 1971 374 2037 tertio
393 1970 529 2054 denique
549 1970 653 2055 gradu
673 1993 692 2035 a
710 1972 779 2035 vita
796 1970 955 2054 pastorali
971 1970 1011 2034 ad
1031 1970 1132 2055 agria

87 2061 249 2124 culturam
282 2059 528 2145 descenderunt,
559 2060 594 2123 in
624 2081 686 2143 qua
721 2081 760 2122 ex
790 2059 915 2124 duobus
948 2059 1101 2142 gradibus

87 2148 309 2233 superioribus
332 2148 538 2213 retinuerunt
567 2149 685 2227 multa,
713 2151 745 2212 εὴ
768 2170 831 2233 quo
861 2147 1102 2227 descenderant,

86 2237 135 2301 ibi
158 2241 384 2321 processerunt
406 2238 513 2322 longe,
537 2237 613 2302 dum
633 2237 672 2301 ad
691 2259 751 2302 nos
771 2237 963 2321 perveniret.
1001 2237 1100 2302 etiam

87 2347 174 2391 nunc
203 2326 238 2390 in
266 2326 347 2392 locis
378 2326 489 2390 multis
521 2346 641 2411 genera
670 2327 828 2411 pecudum
856 2326 997 2390 ferarum
1025 2329 1103 2390 sunt

43 2435 73 2476 as
88 2415 224 2499 aliquot,
247 2415 288 2479 ab
308 2414 432 2498 ovibus,
454 2418 492 2479 ut
510 2416 544 2478 in
563 2414 715 2500 Phrygia,
737 2415 794 2479 ubi
816 2434 932 2499 greges
951 2413 1103 2479 videntur

86 2505 273 2588 conplureS,
295 2504 331 2568 in
350 2501 563 2568 Samothrace
586 2525 768 2586 caprarum,
791 2525 871 2586 quas
889 2501 992 2566 latine
1011 2506 1102 2567 rotas

85 2593 265 2676 appellant.
311 2595 388 2657 sunt
415 2592 501 2656 enim
531 2592 565 2655 in
594 2591 693 2656 Italia
720 2592 841 2656 circum
863 2589 1040 2655 Fiscellum
1070 2593 1104 2656 et

86 2680 252 2746 Tetricum
278 2683 406 2745 montes
433 2681 565 2745 multae.
610 2680 649 2744 de
673 2681 773 2745 subus
801 2679 922 2744 nemini
944 2680 1103 2764 ignotum,

85 2890 199 2958 cadoci
226 2890 293 2944 libri
323 2889 454 2957 Victorii,
481 2906 614 2959 pecorum
640 2889 801 2959 apographa
826 2891 985 2946 recentiora.
1030 2904 1102 2958 pecu

86 2977 151 3014 cum
170 2961 354 3029 semaampto
373 2960 399 3013 d'
418 2961 451 3015 ia
468 2961 615 3030 archetypo
632 2961 719 3026 faisse
736 2961 855 3031 videtur)

177 3029 404 3101 aputauithales
508 3032 670 3100 toytiaeus
753 3031 825 3086 dad
843 3049 953 3087 summa
1032 3037 1103 3087 8ex

85 3101 131 3157 his
150 3105 195 3171 (ex
212 3102 248 3157 iis
271 3101 308 3171 V)
383 3109 416 3157 10
435 3102 528 3171 adque
598 3109 631 3156 12
651 3102 796 3156 arbustum
861 3109 895 3157 14
914 3102 1104 3173 dependerent

87 3179 121 3228 16
140 3171 318 3228 laciditatem
389 3179 424 3228 23
443 3174 480 3227 ad
499 3174 562 3244 nos]
584 3189 673 3227 annus
745 3178 780 3227 25
798 3171 915 3242 aliquod

176 3356 193 3404 6
212 3366 229 3404 a
248 3367 357 3406 summa
374 3352 433 3406 cod.
453 3350 520 3405 Par.
594 3355 626 3405 11
651 3348 783 3420 uirgultis
806 3349 981 3419 decerpendo
999 3349 1103 3404 Iactor·

85 3422 141 3478 aas
222 3428 254 3476 12
273 3422 403 3476 arbatum
422 3421 583 3479 Politioaos
674 3427 713 3478 tt
731 3421 948 3494 deprenderent
958 3418 1128 3471 aetuans

87 3498 124 3545 ro
136 3490 334 3559 placiditatem
353 3510 371 3548 o
446 3499 482 3552 23
501 3496 542 3553 ad
559 3512 617 3553 nos
633 3493 811 3570 perueniret
828 3490 987 3547 Victoriae
