2386 3742
274 136 404 190 aarum
422 111 658 190 averrenavn
677 136 745 190 ara.
760 142 868 191 23-24
1028 134 1071 199 43

55 301 148 344 seras
172 301 209 345 ao
234 281 321 346 colas
345 281 460 345 silvam
485 280 650 362 caeduam,
675 281 740 346 alio
759 282 816 345 ubi
835 302 1002 366 aucupare,
1026 281 1102 346 sict

54 369 114 432 ubi
138 370 324 452 cannabim,
351 371 469 454 linum,
496 371 641 453 iuncum,
672 373 832 452 spartum,
856 370 939 434 unde
962 374 1072 433 nectas

54 457 163 522 bubus
196 457 317 541 soleas,
353 459 471 540 lineas,
508 458 620 539 restis,
651 457 755 522 funes
810 459 968 542 quaedam
1000 459 1073 523 loca

56 546 172 610 eadem
199 547 263 610 alia
296 547 336 610 ad
360 548 530 611 serendum
553 547 679 612 idonea.
722 569 799 611 nam
824 547 913 611 etin
935 547 1073 611 recenti-

28 634 118 698 sbus
141 635 298 719 pomariis
322 635 446 700 dissitis
470 635 646 700 seminibus
669 636 702 699 in
728 636 938 719 ordinemque
962 636 1073 699 arbus-

56 724 139 787 culis
168 724 286 807 positis
314 723 430 806 primis
459 724 568 808 annis,
596 726 775 808 antequam
792 725 916 789 radices
940 724 1071 808 longius

56 812 232 894 procedere
264 813 410 895 possint,
443 813 501 876 alii
532 817 709 877 conserunt
740 812 868 890 hortos,
905 812 961 876 alii
994 814 1071 896 quid

57 901 154 982 aliud,
178 921 283 984 neque
306 922 378 965 eum
403 901 636 968 convaluerunt
660 903 806 980 arbores,
830 900 917 965 idem
939 901 1071 984 faciunt,

55 1010 97 1053 ne
120 988 245 1053 violent
266 989 398 1053 radices.

19 1074 43 1138 io
148 1076 257 1158 Stolo,
289 1077 380 1152 Quod
412 1079 451 1141 ad
480 1078 560 1143 baec
588 1079 742 1162 pertinet,
778 1077 858 1144 Cato
882 1100 948 1142 non
978 1079 1101 1160 male,7

57 1165 143 1249 quod
164 1167 276 1230 scribit
295 1167 334 1230 de
353 1167 545 1249 sationibus,
565 1188 642 1250 ager
661 1188 790 1231 crassus
810 1170 843 1230 et
861 1167 966 1231 laetus
985 1166 1014 1230 si
1029 1167 1072 1230 sit

56 1257 126 1319 sine
142 1255 323 1336 arboribus,
345 1261 548 1338 eum‘agrum
561 1255 811 1319 frumentarium
825 1256 894 1319 fieri
909 1258 1072 1340 oportere3

55 1344 142 1407 idem
167 1363 244 1427 ager
267 1343 295 1406 si
323 1345 498 1407 nebulosus
522 1343 578 1426 sit,
606 1365 702 1426 rapa,
729 1345 907 1427 raphanos,
935 1344 1071 1424 milium,

56 1431 225 1515 panicum,
248 1432 280 1495 in
296 1453 374 1516 agro
390 1454 498 1496 crasso
514 1435 547 1495 et
566 1432 670 1496 calido
689 1433 795 1496 oleam
813 1433 1149 1510 conditoneam,XX1V

18 1540 43 1582 ss
56 1521 183 1584 radium
202 1520 367 1603 maiorem,
386 1520 604 1604 sallentinam,
623 1521 766 1598 orestem,
785 1543 929 1604 poseam,
953 1520 1071 1604 sergia-

56 1631 148 1690 nam,
172 1609 374 1688 oolminiam,
398 1610 585 1690 albiceram,
614 1631 711 1692 quam
734 1631 845 1672 earum
869 1609 904 1673 in
926 1609 967 1674 iis
990 1610 1070 1673 locis

56 1697 218 1781 optimam
232 1698 343 1761 dicant
357 1719 437 1781 esse,
451 1719 523 1761 eam
538 1699 677 1761 maxime
692 1718 805 1761 serere.
827 1718 941 1782 agrum
951 1699 1071 1763 oliveto
1088 1755 1097 1767 .

10 1788 16 1877 j
56 1785 269 1867 conserendo,
295 1785 360 1849 nisi
389 1787 443 1869 qui
471 1787 506 1850 in
532 1791 666 1850 ventum
693 1786 861 1850 favonium
889 1791 1012 1870 spectet
1039 1790 1072 1849 et

10 1886 14 1911 ¹
55 1874 121 1939 soli
145 1877 292 1938 ostentus
315 1875 367 1958 sit,
390 1875 490 1938 alium
512 1875 634 1939 bonum
661 1875 783 1938 nullum
802 1897 882 1940 esse.
919 1876 975 1958 qui
994 1883 1102 1956 ager2

10 1958 210 2048 iufrigidior
223 1966 257 2026 et
271 1963 411 2028 macrior
429 1963 481 2045 sit,
498 1962 544 2027 ibi
564 1963 668 2027 oleam
687 1963 873 2026 licinianam
894 1963 958 2026 seri
977 1984 1071 2044 opor-

10 2056 12 2065 '
53 2056 136 2117 tere.
182 2051 210 2114 si
237 2053 270 2114 in
298 2051 370 2116 loco
398 2073 507 2115 crasso
536 2055 592 2115 aut
621 2051 723 2115 calido
752 2052 915 2134 posueris,
939 2051 1072 2114 hostum

10 2190 12 2221 ;
53 2160 200 2224 nequam
228 2139 299 2203 ficri
327 2145 365 2203 et.
390 2142 447 2221 [ei]
471 2139 604 2204 ferendo
628 2139 778 2204 arborem
801 2139 906 2223 perire
931 2144 963 2202 et
985 2162 1072 2203 mus-

10 2242 13 2315 }
53 2251 133 2294 eum
156 2230 289 2291 rubrum
313 2225 493 2293 molestum
511 2251 591 2293 esse.
627 2229 760 2293 hostum
784 2233 902 2294 vocant
925 2228 1011 2313 quod
1033 2236 1101 2293 ex3

54 2339 124 2382 uno
148 2315 237 2381 facto
261 2317 323 2381 olei
341 2317 494 2381 reficitur.
531 2317 654 2382 factum
673 2318 785 2382 dicunt
803 2317 888 2401 quod
907 2340 972 2381 uno
992 2321 1071 2381 tcm-

10 2416 42 2491 ps
55 2425 138 2489 pore
162 2405 354 2489 conficiunt,
384 2427 478 2489 quem
504 2406 559 2469 alii
583 2423 650 2470 ch
673 2407 765 2471 aiunt
788 2428 858 2470 esse
881 2406 1073 2489 modiorum,

10 2500 16 2523 ⁵
56 2493 118 2558 alii
140 2493 189 2556 ita
212 2495 318 2559 minus
342 2515 507 2579 magnum,
529 2492 571 2557 ut
590 2494 630 2558 ad
654 2511 723 2559 cxx
746 2493 929 2574 descendat,
958 2493 1072 2556 exinde

10 2610 14 2647 ·,
57 2586 97 2645 ut
118 2603 199 2645 vasa
222 2583 346 2646 olearia
369 2585 448 2666 quot
472 2590 504 2646 et
528 2588 649 2666 quanta
672 2582 828 2666 habeant,
856 2582 973 2666 quibus
997 2603 1072 2646 con-

61 2670 173 2733 ficiunt
191 2670 276 2736 illut.
322 2671 408 2754 quod
433 2669 515 2735 Cato
540 2671 587 2734 ait
609 2672 729 2736 circum
751 2671 887 2735 fundum
910 2671 1016 2734 ulmos
1040 2675 1073 2733 et

16 2828 25 2839 ·
65 2759 212 2843 populos,
240 2759 323 2822 unde
351 2760 420 2822 fros
448 2760 564 2823 ovibus
593 2765 625 2823 et
656 2761 760 2824 bubus
785 2761 830 2824 sit
853 2763 885 2823 et
909 2760 1073 2842 materies,

68 2879 273 2892 ᾖ..

11 2998 16 3007 .
150 2955 325 3020 laucupare
379 2950 565 3005 2cannabim
580 2951 705 3021 plurimu
720 2952 891 3020 apoyrapta,
906 2949 1035 3004 canabim
1049 2949 1076 3003 V

30 3014 46 3159 ἱ
75 3019 199 3092 asoleas]
219 3023 316 3091 paleas
398 3020 566 3104 tidoneem
647 3021 795 3104 odessitis
878 3028 912 3075 10
930 3021 1073 3090 pertinent

76 3088 102 3139 11
118 3105 181 3158 agro
272 3097 305 3147 27
328 3108 379 3145 uas
404 3092 508 3148 olearra
533 3095 614 3162 (uasa
637 3093 741 3147 eleana
763 3092 790 3146 V
805 3098 829 3146 et
847 3094 985 3147 manullo
1006 3108 1073 3160 apc-

95 3399 100 3411 ,
151 3345 323 3410 lauoupere
350 3339 485 3394 Gesuerue
574 3339 705 3394 3soleas
729 3341 859 3395 Budaeus
881 3340 915 3392 s‘u
939 3338 1082 3405 Tbcopbc.

75 3395 127 3458 dm·
139 3411 226 3478 plaut.
246 3413 305 3466 Ia
314 3427 347 3480 p.
361 3415 401 3466 20
490 3407 634 3468 4idonea
649 3429 701 3469 mc
793 3409 952 3466 abraditis
968 3408 1104 3459 bustum

73 3469 264 3540 'operabam
337 3489 371 3536 17
390 3500 532 3554 agrame
622 3492 659 3542 ‘tt
687 3485 753 3542 tros
774 3484 935 3541 Obstrictos
951 3471 1128 3546 &3034
