2386 3742
358 112 861 180 usavuuvsrroluvunrs.1
993 120 997 125 ’
1092 125 1114 190 5

191 274 260 335 tere
283 293 386 356 usque
410 269 450 335 ad
473 271 631 337 brumam.
654 270 751 335 medii
770 274 847 336 sunt
865 270 933 336 dies
951 269 1035 338 XCI.
1057 293 1116 336 nec

193 363 269 425 ante
293 360 531 443 aequinoctium
551 380 656 443 neque
674 362 751 444 post
769 359 920 424 brumam
938 360 1002 424 seri
1022 382 1115 445 opor-

192 451 270 514 tere.
316 448 427 513 fabam
456 448 578 532 optime
607 447 670 512 seri
697 449 732 512 in
761 449 971 534 vergiliarum
1000 469 1116 513 occasu

193 537 242 602 VI
274 536 347 601 idus
378 535 590 601 Novembres.
634 536 832 601 vindemiam
863 538 934 602 fieri
967 541 1116 622 oportere
1188 539 1191 545 ’

193 627 279 690 inter
310 625 550 709 aequinoctium
583 625 771 690 autumnale
803 626 835 691 V
867 627 930 690 kal.
958 625 1116 692 Octobres

194 718 226 779 et
238 714 448 800 vergiliarum
464 735 611 780 occasum
621 713 670 780 VI
683 713 756 778 idus
771 713 981 779 Novembres.
1001 714 1116 779 deinde

192 804 276 868 vites
308 802 419 888 putari
446 805 479 866 et
506 803 684 888 propagari
711 806 744 867 et
773 803 836 867 seri
863 825 962 887 poma
988 803 1116 888 frigidis

192 891 273 957 locis
296 913 370 956 vere

101 979 250 1064 Septimo
273 979 445 1044 intervallo
474 980 560 1044 inter
582 979 793 1064 vergiliarum
816 1001 966 1045 occasum
988 979 1020 1045 V
1043 979 1116 1045 idus

54 1093 86 1132 ιο
192 1067 395 1134 Novembres
419 1071 452 1132 et
474 1069 624 1133 brumam
648 1067 728 1133 VIII
751 1069 814 1133 kal.
837 1068 1005 1134 Ianuarias
1034 1089 1117 1153 quae

192 1157 263 1222 fieri
289 1161 441 1241 oporteat

102 1245 227 1312 Octavo
254 1246 427 1312 intervallo
454 1245 542 1309 inter
568 1245 717 1309 brumam
748 1244 828 1310 VIII
855 1245 920 1312 kal.
947 1246 1116 1311 Ianuarias

193 1337 226 1398 et
243 1333 411 1400 favonium
424 1333 456 1399 V
475 1334 547 1398 idus
565 1332 759 1398 Februarias
779 1356 860 1418 quae
875 1336 948 1400 ‘fieri
968 1338 1117 1419 oporteat

102 1423 153 1487 De
177 1423 344 1488 lunaribus
370 1422 484 1486 diebus

54 1534 87 1575 15
103 1511 154 1575 De
178 1511 282 1576 altera
310 1514 496 1595 temporum
522 1510 676 1575 divisione
700 1510 873 1576 coniuncta
896 1532 968 1575 oum
993 1512 1060 1577 solo
1084 1514 1117 1576 et

192 1601 272 1664 luna
295 1603 328 1664 et
349 1600 490 1664 habente
514 1621 570 1664 sex
592 1603 702 1682 partes

100 1688 153 1753 De
182 1692 331 1753 stercore.
378 1687 578 1752 stercilinum
606 1710 669 1771 quo
697 1687 768 1753 loco
796 1687 980 1752 faciendum
1003 1689 1055 1771 sit,
1082 1687 1117 1751 in
1181 1770 1184 1775 Ι

194 1797 257 1860 quo
285 1775 391 1840 medio
420 1775 448 1840 si
475 1777 611 1842 robusta
638 1777 775 1840 materia
802 1775 847 1840 sit
874 1776 1024 1862 depacta,
1051 1797 1118 1842 non

193 1865 285 1930 nasci
308 1869 489 1948 serpentem
556 1879 563 1891 ·

53 1975 88 2017 ec
103 1951 267 2028 Quattuor
290 1973 360 2018 esse
384 1974 503 2039 genera
526 1953 699 2035 seminum,
727 1955 761 2027 et
784 1974 864 2036 quae
888 1973 1010 2036 quoque
1035 1955 1117 2016 tem·

175 2063 272 2125 pore
295 2043 430 2125 locoque
454 2042 593 2106 debeant
616 2042 679 2106 seri

103 2128 193 2205 Quae
218 2129 285 2193 sint
307 2150 427 2214 genera
449 2131 623 2213 seminum,
652 2133 684 2194 et
706 2150 800 2213 quem
825 2128 865 2194 ad
888 2128 1020 2195 modum
1043 2150 1117 2213 pro-

193 2219 310 2370 pagari
346 2218 498 2371 debdeant3
516 2221 568 2372 ¹⁵et
604 2219 719 2302 quibus
754 2218 956 2303 temporibus
990 2239 1117 2303 quoque

208 2328 266 2372 oco
314 2329 399 2372 onen
423 2330 443 2371 a
465 2330 516 2372 sm

57 2417 90 2458 as
104 2394 156 2459 De
178 2330 383 2479 tempolibus
410 2395 706 2461 transferendorum
735 2395 952 2481 surculorum,
980 2399 1013 2460 et
1036 2415 1117 2478 quae

195 2483 262 2547 sint
284 2489 361 2568 post
384 2485 543 2549 sationem
567 2483 770 2549 observanda

102 2570 155 2635 De
177 2571 293 2637 melica

102 2658 154 2723 De
177 2661 283 2744 cytiso

104 2746 247 2824 Quoteni
265 2748 366 2816 modii
386 2753 535 2814 serantur
553 2749 587 2813 in
606 2749 718 2834 iugero
737 2749 843 2833 fabae,
862 2749 975 2834 tritici,
995 2747 1117 2831 hordei,

57 2855 88 2894 ³⁰
192 2837 289 2902 farris

102 2922 191 2989 Sata·
207 2928 307 3010 quota
330 2947 474 3011 quaeque
498 2924 548 2990 die
571 2925 731 3009 prodeant
754 2924 792 2989 de
815 2929 904 2990 terra

100 3012 155 3077 Ex
178 3014 295 3097 quibus
319 3013 405 3079 foliis
429 3015 583 3100 cognosci
606 3015 733 3098 possint
756 3014 832 3078 anni
854 3018 1003 3098 tempora

10 3116 13 3159 i
102 3099 207 3176 Quem
231 3102 271 3167 ad
295 3102 427 3168 modum
451 3108 524 3168 sata
548 3103 614 3167 sint
636 3103 756 3167 tuenda

10 3212 12 3227 ¹
102 3191 195 3269 Quae
216 3191 251 3256 in
275 3192 366 3276 spica
388 3191 455 3256 sint
477 3192 635 3256 vocabula
658 3195 691 3255 et
714 3213 830 3255 causae
854 3213 965 3256 eorum

194 3407 228 3456 16
246 3401 380 3472 habente]
398 3397 532 3458 habentis
602 3407 635 3459 1⁷
656 3400 864 3475 sterquilinam
929 3407 969 3454 ‘ab
989 3413 1069 3464 uua-Q
1086 3409 1149 3458 Ψ

10 3542 18 3561 .
100 3475 225 3539 tempore
239 3471 305 3526 Ioco
324 3473 356 3526 ut
373 3472 499 3532 debeant
575 3482 611 3535 25
633 3495 711 3550 qnae
730 3474 854 3551 possint
872 3476 967 3544 tunae
982 3461 1116 3522 svnth
