2386 3742
330 111 461 167 RERVM
479 109 716 166 RVSTIOARVM
733 110 799 166 LIB.
815 111 841 164 II
861 116 875 164 1
1070 111 1112 176 79

92 257 179 340 quot
206 254 318 320 diebus
347 256 461 321 matris
492 261 611 342 sugant
632 278 808 320 mammam
832 259 866 320 et
887 256 922 320 id
944 279 1007 342 quo
1030 261 1112 323 tem-

91 366 176 428 pore
201 348 233 409 et
255 345 325 429 ubi3
349 351 381 410 et
405 345 433 409 si
456 368 573 429 parum
596 345 696 410 habet
719 345 814 409 lactis
836 348 948 430 mater,
970 350 1008 410 ut
1027 348 1111 412 subi·

93 433 164 497 ciat
187 433 247 497 sub
272 434 405 498 alteriue
429 457 619 517 mammam,
649 434 705 517 qui
729 432 934 517 appellantur
957 435 1112 520 subrnmi,

92 522 129 586 id
154 525 204 585 eet
227 523 287 586 snb
311 545 461 588 mamma.
508 522 642 606 antiquo
671 522 757 588 enim
786 524 945 588 vocabulo
969 547 1111 590 mamma

63 609 208 693 erumiS,
230 615 268 674 ut
291 612 413 695 opinor.
444 611 513 676 fere
536 612 576 676 ad
600 616 754 696 quattuor
777 634 905 676 menses
929 635 1111 678 amamura

91 721 164 763 non
188 699 399 784 diiunguntur
423 701 514 786 agni,
541 700 637 764 haedi
660 704 735 784 tres,
763 701 854 783 porci
877 701 949 766 duo,
997 723 1013 766 e
1037 702 1109 784 quie

93 788 151 875 qui
170 789 237 853 iam
256 789 329 874 puri
349 794 424 854 sunt
448 790 488 853 ad
512 789 715 872 sacrificium,
738 795 776 852 ut
799 789 1005 873 immolentur,
1029 790 1109 855 olim

92 878 252 960 appellati
271 900 387 960 sacres,
407 900 488 962 quos
508 879 652 962 appellat
666 878 811 959 Plautus,
830 900 903 942 cum
923 878 970 942 ait
983 877 1110 962 ‘quanti

92 970 173 1031 eunt
202 967 292 1050 porci
321 965 479 1032 sacreet'.
511 967 569 1042 'sie
603 968 703 1031 boves
732 966 838 1030 altiles
872 967 912 1031 ad
949 967 1110 1032 sacrificia

47 1056 227 1138 republica
251 1056 391 1140 saginati
414 1056 565 1120 dicuntur
588 1055 696 1140 opimi.
744 1060 860 1140 quarta
889 1078 964 1139 pars
995 1060 1046 1120 eet
1069 1055 1158 1121 dem

92 1143 245 1228 sanitate,
268 1166 319 1208 res
339 1144 510 1227 multiplex
535 1167 572 1209 ae
590 1145 784 1227 necessaria,
810 1144 897 1228 quod
920 1146 1108 1210 morbosum

90 1254 192 1315 pecus
212 1236 261 1296 est
280 1233 444 1312 vitiosum,
463 1237 496 1297 et
514 1233 667 1317 quoniam
681 1255 748 1298 non
761 1235 858 1316 valet,
878 1255 973 1316 saepe
987 1255 1108 1319 magna

91 1321 288 1385 adficiuntur
320 1323 514 1388 calamitate.
569 1323 659 1386 cuius
693 1323 848 1387 scientiae
881 1343 1002 1408 genera
1035 1324 1107 1407 duo,

89 1414 129 1474 ut
154 1410 188 1472 in
211 1409 355 1494 homine,
386 1434 485 1475 unum
509 1411 550 1475 ad
574 1433 657 1495 quae
681 1411 855 1475 adhibendi
878 1411 1003 1494 medici,
1027 1411 1107 1475 elte-

46 1522 74 1564 re
89 1521 166 1563 rum
195 1520 275 1582 quae
303 1500 372 1582 ipse
404 1501 502 1564 etiam
529 1503 642 1583 pastor
670 1499 810 1583 diligens
839 1500 958 1562 mederi
992 1501 1106 1584 possit.

90 1589 161 1652 eius
189 1591 299 1671 partes
328 1592 405 1652 sunt
432 1594 508 1654 trec.
553 1609 629 1652 nam
659 1588 997 1671 animadvertendum,
1025 1609 1105 1671 quae

89 1677 245 1760 cuiusque
268 1677 373 1741 morbi
402 1679 445 1741 eit
473 1699 585 1760 causa,
613 1699 757 1761 quaeque
781 1678 875 1761 signa
899 1698 1008 1741 earum
1033 1699 1105 1741 cau-

89 1787 200 1829 sarum
215 1766 289 1844 sint,
308 1769 341 1830 et
355 1788 436 1850 quae
452 1787 610 1851 quemque
630 1766 778 1829 morbum
799 1765 921 1830 curatio
944 1766 1103 1848 [curandi]

90 1854 183 1937 ecqui
206 1854 330 1919 debeat.
375 1856 443 1920 fere
467 1854 653 1919 morborum
678 1876 794 1919 causae
819 1858 928 1937 erunt,
952 1855 1037 1939 quod
1060 1857 1157 1920 lau-22

47 1967 74 2007 ao
89 1944 211 2007 borant
237 1949 372 2027 propter
399 1947 508 2008 aestus
537 1946 594 2007 aut
621 1947 754 2026 propter
768 1942 919 2026 'frigora‚
952 1965 1011 2006 nee
1040 1966 1106 2008 non

89 2032 190 2096 etiam
223 2037 357 2115 propter
393 2033 530 2096 nimium
568 2032 713 2097 laborem
747 2035 803 2094 aut
836 2035 950 2095 eontra
982 2032 1105 2097 nullam

89 2119 367 2203 exercitationem,
400 2125 457 2186 aut
489 2122 531 2205 si,
564 2143 637 2185 cum
670 2121 859 2203 exercueris,
892 2120 1003 2184 statim
1036 2122 1105 2185 eine

87 2209 262 2274 intervallo
286 2210 394 2274 cibum
421 2213 478 2273 aut
507 2211 673 2293 potionem
697 2209 831 2273 dederis.
877 2209 973 2292 signa
996 2213 1104 2274 autem

88 2301 176 2376 eunt,
199 2302 236 2361 ut
259 2320 371 2362 eorum
395 2299 450 2382 qui
476 2301 531 2379 [ei]
557 2321 573 2362 e
596 2298 707 2362 labore
736 2298 858 2362 febrem
882 2298 1006 2362 habent
1029 2299 1105 2363 ada-

46 2409 73 2450 re
87 2389 218 2471 pertum
250 2407 284 2451 os
315 2388 424 2452 umido
457 2388 573 2470 spiritu
606 2388 718 2452 erebro
758 2392 790 2451 et
822 2409 956 2470 corpore
989 2388 1103 2452 calido.

88 2475 214 2540 curatio
227 2479 358 2554 autem,
381 2498 455 2540 cum
472 2475 526 2540 hic
546 2481 596 2540 est
614 2477 756 2558 morbus,
774 2475 863 2540 haec.
899 2475 1104 2558 perfunditur
1116 2483 1156 2539 23

88 2586 176 2647 aqua
204 2567 237 2628 et
264 2566 480 2650 perunguitur
509 2566 580 2629 oleo
609 2568 642 2628 et
664 2565 740 2628 vino
765 2563 941 2647 tepefacto,
969 2564 1104 2628 etitem

180 2775 295 2845 lquot]
315 2775 391 2842 quod
455 2773 636 2841 teubgrumi
699 2773 783 2841 iqui
801 2772 857 2827 ium
876 2772 952 2844 puri]
971 2774 1103 2842 qnoniam

85 2845 150 2915 pori
223 2851 256 2899 10
280 2845 381 2914 optimi
453 2851 485 2899 11
508 2846 675 2914 multiplexa
701 2842 861 2898 necceuaria
889 2846 1048 2914 (multiplex
1071 2863 1103 2900 ac

86 2916 246 2971 necessaria
264 2917 336 2985 Pol.)
428 2922 461 2970 14
478 2916 508 2969 in
525 2916 669 2970 hominem
688 2915 728 2983 (in
745 2915 859 2969 homine
878 2917 1038 2986 upeqrapbu
1061 2935 1103 2971 re-

86 2989 221 3055 centiora)
329 3006 416 3042 unum
436 2989 472 3040 ad
490 3004 573 3054 quem
676 2987 766 3041 altera
786 3004 858 3054 quae
962 2994 995 3041 15
1014 2987 1103 3042 faetor

85 3065 121 3112 20
140 3058 250 3128 frigora
286 3063 319 3112 21
341 3063 390 3115 aut
409 3058 519 3129 contra]
539 3060 571 3112 nt
590 3057 760 3113 contrariam
779 3059 822 3126 (ut
841 3058 1012 3112 contrarium
1030 3059 1101 3127 Pol.)

86 3136 122 3184 25
142 3146 174 3184 oe
193 3146 242 3184 om.

177 3330 193 3377 3
214 3324 338 3378 unbrumi
356 3326 512 3380 Beroaldus
572 3332 605 3380 10
624 3326 712 3394 opimi
729 3327 875 3381 Iucundos
930 3329 964 3377 14
982 3324 1102 3378 alterum

85 3412 143 3464 quo
161 3395 307 3450 Iucundue
416 3400 449 3450 15
471 3397 570 3466 pastor
588 3413 635 3452 mu
743 3403 778 3452 21
800 3399 854 3450 aut
873 3399 978 3451 contra
988 3398 1112 3461 mumma

84 3467 192 3521 nullam
210 3467 360 3522 Iucmedue
433 3474 468 3524 24
488 3467 662 3544 adapertum
681 3487 716 3528 oe
735 3469 891 3528 Iueuuoua
