2386 3742
276 75 407 162 aaavn
426 103 664 162 russicarum
682 105 748 162 ms.
763 106 777 161 1
790 112 860 162 s-r
1032 108 1073 172 21

55 253 121 320 fici.
168 255 202 319 in
231 254 366 319 collibus
394 253 571 318 humilibus
600 253 737 318 societas
766 253 869 317 maior
892 274 965 317 cum
989 275 1074 317 cam-

55 345 162 428 pestri
178 346 181 351 ’
195 343 304 409 fructu
337 365 433 426 quam
466 365 537 407 cum
571 346 742 424 montano,
774 342 810 405 in
842 341 918 406 altis
952 346 1073 407 contra.

54 437 193 517 propter
215 432 294 497 haec
316 433 382 497 tria
403 431 537 516 fastigia
559 431 681 496 formae
705 430 892 496 discrimina
915 431 1102 514 quaedam5

56 522 143 586 fiunt
176 522 354 599 sationum,
386 521 471 604 quod
504 524 631 605 segetes
663 521 814 587 meliores
846 515 1074 585 existimantur

27 631 131 674 sesae
165 613 375 695 campestres,
411 611 525 674 vineae
558 610 709 694 collinae,
751 610 851 675 silvae
888 614 1075 676 montanae.

58 700 250 783 plerumque
272 699 408 763 hiberna
430 699 471 763 iis
495 700 594 780 [esse]
619 699 763 783 meliora,
787 699 842 782 qui
860 700 972 763 colunt
989 721 1075 763 cam·

56 789 191 872 pestria,
214 788 299 872 quod
322 792 400 852 tunc
421 792 516 872 prata
537 788 583 852 ibi
601 788 751 871 herbosa,
774 789 901 872 putatio
922 788 1074 852 arborum

57 877 274 941 tolerabilior:
320 880 433 940 contra
468 877 594 942 aestiva
622 877 787 942 montanis
819 876 900 963 locis
933 898 1075 941 commo-

59 965 166 1046 diora,
197 965 283 1049 quod
316 965 362 1029 ibi
394 969 464 1029 tum
497 969 531 1029 et
558 966 713 1050 pabulum
741 966 893 1049 multum,
925 964 1012 1050 quod
1041 965 1077 1029 in

16 1078 44 1118 10
60 1053 186 1138 campis
210 1056 345 1137 aret,·ct
368 1055 494 1118 cultura
515 1055 670 1119 arborum
690 1055 806 1140 aptior,
829 1054 914 1137 quod
932 1059 1002 1118 tum
1022 1055 1075 1118 hio

58 1142 212 1226 frigidior
241 1164 306 1206 aer.⁶
355 1147 536 1226 campester
567 1143 656 1207 locus
685 1144 714 1208 is
741 1144 870 1222 melior,
903 1143 959 1227 qui
985 1147 1105 1208 totusss

60 1231 277 1314 aequabiliter
299 1231 332 1294 in
355 1253 454 1296 unam
476 1235 603 1315 partem
625 1236 749 1317 verget,
773 1254 870 1316 quam
892 1232 921 1296 is
946 1233 1002 1316 qui
1026 1235 1076 1296 est

60 1320 101 1383 ad
128 1319 275 1383 libellam
305 1341 440 1403 aequos,
469 1320 554 1403 quod
577 1320 620 1404 is,
651 1342 724 1384 cum
753 1343 854 1404 aquae
881 1342 947 1385 non
975 1320 1075 1385 habet

60 1408 240 1493 delapsum,
262 1407 334 1472 fieri
359 1408 443 1472 solet
465 1408 662 1492 uliginosus:
699 1431 736 1474 eo
760 1410 875 1494 magis,
898 1409 1076 1492 siquis'est

18 1518 44 1560 ιε
61 1496 287 1582 inaequabilis,
307 1519 344 1561 eo
360 1497 508 1581 deterior,
527 1497 613 1581 quod
631 1498 669 1561 fit
683 1501 817 1582 propter
830 1498 962 1562 lacunas
978 1518 1076 1580 aquo·

61 1577 127 1650 sus.
178 1585 260 1649 haec
287 1587 385 1669 atqua
413 1584 546 1650 huiusce
575 1586 663 1650 modi
689 1586 755 1650 tria
784 1586 919 1671 fastigia
950 1588 1020 1671 agri
1049 1590 1079 1650 et

60 1673 102 1737 ad
125 1673 295 1737 colendum
319 1674 517 1757 dispariliter
539 1675 661 1738 habent
683 1679 893 1742 momentum.

152 1759 253 1846 Stolo,
277 1761 369 1838 Quod
392 1762 433 1826 ad
457 1762 541 1827 hanc
563 1763 704 1827 formam
723 1765 904 1828 naturalem
923 1765 1075 1847 pertinet,
1089 1774 1142 1828 VII

61 1849 101 1914 de
120 1871 161 1914 eo
177 1872 244 1915 non
262 1851 473 1923 incommoda
484 1849 565 1917 Cato
584 1852 712 1916 videtur
731 1852 845 1936 dicere,
869 1874 941 1917 oum
963 1852 1076 1917 scribit

19 1960 46 1999 so
61 1939 222 2022 optimum
247 1960 361 2024 agrum
386 1961 464 2021 esse,
488 1940 544 2023 qui
568 1942 627 2005 sub
651 1940 759 2004 radice
782 1941 903 2004 montis
928 1941 1010 2004 situs
1032 1941 1076 2004 sit

54 2033 93 2090 at
114 2031 238 2110 spectet
256 2027 297 2091 ad
316 2028 528 2092 meridianam
547 2030 629 2093 caeli
646 2031 782 2112 partem.
812 2027 939 2094 Subicit
953 2027 1104 2113 Scrofa,2

59 2114 111 2179 De
133 2115 258 2179 formae
287 2117 415 2180 cultura
437 2116 500 2181 hoc
523 2117 608 2199 dico,
636 2139 718 2201 quae
742 2118 848 2201 specie
871 2119 954 2182 fiant
977 2139 1075 2183 venu-

60 2203 173 2287 stiora,
206 2204 296 2287 sequi
328 2209 366 2268 ut
397 2206 520 2269 maiore
553 2227 679 2289 quoque
706 2207 814 2271 fructu
843 2211 924 2290 sint,
955 2211 993 2271 ut
1020 2207 1075 2291 qui

59 2291 185 2356 habent
213 2293 358 2377 arbusta,
387 2294 414 2356 si
438 2297 508 2358 sata
532 2295 666 2358 suntin
689 2297 914 2380 quincuncem,
941 2300 1075 2379 propter

21 2399 46 2440 as
61 2379 192 2445 ordines
211 2385 309 2465 atquc
328 2381 502 2446 intervalla
521 2383 655 2447 modica.
683 2383 793 2467 itaque
813 2384 951 2448 maiores
970 2383 1076 2448 nostri

59 2489 98 2532 ex
123 2489 203 2533 arvo
226 2490 325 2553 aeque
349 2491 469 2555 magno
493 2471 577 2534 male
601 2473 726 2536 consito
751 2476 784 2536 et
806 2468 1076 2535 minus'multum

60 2560 93 2620 et
116 2556 225 2620 minus
249 2557 370 2622 bonum
390 2558 556 2623 faciebant
574 2560 684 2624 vinum
706 2564 738 2624 et
756 2561 964 2642 frumentum,
988 2561 1075 2644 quod

60 2667 143 2728 quae
173 2647 261 2728 [que]
291 2668 349 2711 suo
379 2647 516 2730 quicque
545 2648 617 2712 loco
647 2652 723 2712 sunt
749 2649 870 2733 posita,
898 2671 936 2713 ea
968 2651 1074 2713 minus

59 2733 125 2798 loci
145 2739 321 2817 occupant,
350 2740 383 2799 et
410 2735 517 2800 minus
546 2736 649 2801 officit
678 2737 766 2801 aliud
794 2737 849 2801 alii
881 2737 923 2802 ab
946 2738 1013 2803 sole
1037 2759 1074 2801 ac

22 2821 137 2886 roluna
161 2829 195 2885 et
216 2827 324 2888 rento
362 2823 425 2888 hoc
448 2824 526 2888 licet
549 2826 733 2890 coniectura
750 2826 864 2890 nidere
888 2848 927 2890 ex
950 2827 1103 2911 aliquot3

151 3000 166 3049 6
186 2995 346 3051 hibernales
365 3013 426 3052 esso
526 3003 541 3052 8
567 2999 719 3071 montanis]
740 3002 928 3069 montanaque
946 3000 981 3054 iis
1002 3001 1074 3069 Pol,

58 3067 196 3121 montana
213 3065 248 3119 iis
266 3069 308 3123 ael
325 3072 460 3123 montana
478 3068 523 3123 his
542 3087 636 3141 apogr.
724 3076 757 3124 10
777 3074 806 3125 et
825 3071 944 3141 cultura]
964 3087 997 3125 ac
1017 3071 1073 3125 cul-

57 3137 323 3274 {qrqliqlgdadque
378 3140 407 3194 et
425 3156 475 3195 om.
531 3146 564 3195 25
580 3143 670 3210 adque
726 3147 760 3196 26
773 3159 891 3212 magnos
906 3144 1019 3212 (magno
1034 3141 1073 3211 V)

173 3226 192 3262 u

150 3385 301 3439 thiberne
317 3385 434 3442 iis-esse
453 3395 589 3447 corrector
612 3391 718 3448 codicia
739 3389 910 3450 nuncnunc
982 3391 1005 3437 a
1019 3396 1110 3433 moa·

53 3453 127 3507 tanis
142 3453 214 3507 Iocis
229 3473 257 3508 m
329 3462 364 3512 10
384 3461 416 3514 ct
434 3463 555 3523 cultura
573 3464 734 3524 Iucundos
