2386 3742
292 137 423 194 RERVM
441 136 679 193 RVSTIOARVM
697 137 765 192 LIB.
779 135 819 190 111
833 141 904 193 t-'l
1041 137 1104 203 137

86 305 223 349 excusos
251 283 360 367 pullos
387 283 487 348 refert
510 283 544 346 in
567 283 764 348 testudinem
787 305 859 348 eam
866 332 875 365 ,
904 282 939 347 in
963 304 1027 367 qua
1049 305 1104 366 pa-

85 394 186 439 vones
209 373 317 437 habet.
363 372 449 455 quod
477 375 597 436 tectum
627 394 686 456 pro
710 371 918 436 multitudine
941 393 1105 456 pavonum

84 462 158 526 fieri
182 461 278 526 debet
302 464 336 525 et
358 460 477 525 habere
501 461 623 526 cubilia
645 461 796 543 discreta,
826 461 965 526 tectorio
988 461 1105 546 levata,

86 572 152 635 quo
175 571 279 634 neque
303 571 434 633 serpens
457 570 561 634 neque
584 550 691 615 bestia
714 549 863 614 accedere
886 550 955 615 ulla
986 551 1105 634 possit3

57 643 257 724 epraeteree
284 639 404 704 habere
432 639 540 703 locum
568 641 644 702 ante
668 660 715 721 se,
743 659 807 723 quo
835 642 966 722 pastum
989 643 1134 710 exeant5

85 729 202 792 diebus
233 728 361 812 apricis,
406 731 580 811 utrumque
607 727 714 792 locum
741 749 859 811 purum
887 749 958 791 esse
987 729 1106 793 volunt

85 817 148 882 hae
185 817 342 882 volucres.
396 816 506 900 itaque
543 819 706 899 pastorem
740 837 852 881 earum
884 837 957 880 eum
990 817 1105 882 vatillo

85 906 255 970 circumire
293 907 424 988 oportet
458 926 495 969 ae
530 910 654 969 stercus
685 905 803 969 tollere
836 926 874 969 ac
906 926 1105 986 conservare,

88 993 175 1079 quod
198 997 232 1058 et
255 994 295 1058 ad
319 994 390 1078 agri
413 994 574 1058 culturam
596 993 748 1060 idoneum
771 997 822 1058 est
845 998 878 1058 et
901 994 942 1058 ad
961 995 1105 1058 substra-

42 1105 71 1152 10
86 1104 164 1146 men
196 1083 367 1165 pullorum.
417 1081 541 1166 primus
574 1082 634 1146 hos
668 1082 704 1158 Q.
733 1082 928 1147 Hortensius
956 1083 1134 1168 augurali6

87 1170 214 1236 aditiali
234 1193 313 1237 cena
332 1174 480 1254 posuisse
500 1171 634 1253 dicitur,
660 1171 748 1255 quod
766 1171 876 1254 potius
894 1171 1017 1236 factum
1035 1175 1105 1236 tum

87 1260 248 1325 luxuriosi
271 1282 367 1345 quam
392 1260 495 1324 severi
517 1260 595 1323 boni
618 1260 682 1325 viri
700 1260 887 1325 laudabant.
924 1282 1020 1344 quern
1040 1260 1105 1326 cito

88 1348 192 1413 secuti
209 1349 306 1413 multi
324 1349 510 1413 extulerunt
528 1369 639 1412 eorum
658 1350 772 1432 pretia,
792 1350 895 1413 itaut
914 1370 975 1414 ova
994 1371 1105 1414 eorum

87 1438 229 1502 denariis
251 1442 390 1501 veneant
413 1437 531 1522 quinis,
552 1437 617 1520 ipsi
639 1435 735 1502 facile
758 1438 1004 1521 quinquagenis,
1026 1459 1106 1522 grex

43 1553 71 1594 ιε
87 1526 292 1590 centenarius
311 1526 405 1590 facile
425 1526 635 1611 quadragena
653 1526 743 1590 milia
762 1526 912 1590 sestertia
932 1530 969 1590 ut
981 1526 1105 1605 reddat,

86 1619 126 1678 ut
149 1614 277 1699 quidem
297 1615 460 1679 Abuccius
485 1615 602 1699 aiebat,
625 1614 654 1679 si
676 1615 711 1678 in
735 1615 881 1699 singulos
905 1619 1016 1680 ternos
1041 1617 1105 1679 exi·

86 1708 180 1789 geret
201 1703 319 1788 pullos,
342 1703 454 1787 perfici
477 1723 640 1788 sexagena
661 1724 767 1786 posse.

176 1792 306 1856 Interea
321 1793 409 1856 venit
427 1793 593 1876 apparitor
611 1793 738 1875 Appia
756 1792 888 1856 consule
907 1796 941 1856 et
959 1813 1097 1878 augures
1105 1810 1158 1868 VII

87 1879 136 1944 ait
158 1880 262 1946 citari.
305 1880 362 1944 ille
385 1881 474 1946 foras
499 1881 566 1945 exit
589 1902 606 1944 e
629 1880 717 1945 villa.
764 1885 799 1945 at
824 1880 859 1944 in
882 1881 995 1946 villam
1018 1883 1103 1947 intro

43 1997 72 2037 ao
86 1970 238 2034 involant
256 1969 433 2055 columbae,
452 1968 491 2033 de
510 1969 628 2054 quibus
645 1967 772 2032 Merula
785 1967 879 2052 Axio,
898 1967 933 2033 Si
951 1991 1104 2055 umquam

88 2060 157 2139 [ex]
182 2058 498 2142 peristerotrophion
520 2057 754 2142 constituisses,
777 2057 837 2122 has
860 2061 933 2121 tuas
957 2079 1027 2122 esse
1045 2081 1104 2142 pu·

85 2154 186 2231 tares,
210 2147 360 2230 quamvis
383 2147 472 2211 ferae
495 2149 614 2211 essent.
656 2147 718 2211 duo
742 2146 828 2210 enim
852 2166 971 2230 genera
994 2168 1104 2211 earum

85 2236 122 2299 in
144 2235 436 2320 peristerotrophio
460 2256 530 2299 esse
554 2235 669 2319 solent,
691 2256 791 2299 unum
816 2239 957 2320 agreste,
987 2239 1024 2300 ut
1047 2237 1104 2301 alii

77 2324 207 2402 dicunt,
231 2324 375 2408 saxatile,
399 2324 485 2408 quod
503 2325 643 2388 habetur
660 2324 695 2388 in
712 2324 858 2388 turribus
874 2346 916 2405 ,ac
934 2325 1104 2389 columini-

42 2438 72 2480 as
86 2413 149 2476 bus
172 2413 283 2495 villae,
312 2434 332 2476 a
359 2435 423 2497 quo
447 2414 629 2497 appellatae
653 2414 835 2494 columbae,
865 2434 946 2496 quae
969 2417 1104 2497 propter

84 2501 237 2565 timorem
273 2503 457 2566 naturalem
494 2523 621 2565 summa
658 2502 729 2565 loca
760 2502 795 2566 in
826 2501 922 2565 tectis
955 2504 1103 2584 captant:

86 2611 151 2673 quo
174 2591 212 2654 fit
234 2593 272 2654 ut
295 2594 441 2673 agrestes
465 2590 604 2654 maxime
628 2586 805 2672 sequantur
827 2593 942 2672 turres,
964 2590 1000 2653 in
1022 2611 1103 2672 quas

86 2700 126 2741 ex
155 2699 234 2762 agro
263 2680 395 2743 evolant
422 2682 537 2762 suapte
565 2681 680 2762 sponte
704 2700 741 2742 ac
763 2681 934 2743 remeant!
965 2679 1133 2747 alterum2

86 2787 189 2852 genus
217 2767 327 2848 [illud]
355 2767 580 2832 columbarum
607 2771 658 2831 ost
685 2767 889 2849 clementius,
916 2767 1002 2850 quod
1029 2768 1103 2832 cibo

42 2881 71 2923 ao
86 2855 266 2919 domestico
295 2859 482 2920 contentum
509 2857 596 2920 intra
623 2855 738 2919 limina
760 2856 876 2920 ianuae
900 2857 983 2920 solet
1005 2858 1103 2939 pasci.

177 3052 192 3099 1
216 3048 245 3100 in
268 3043 456 3118 testudinem]
478 3046 670 3102 intestabilem
773 3053 788 3101 ἵ
812 3064 908 3102 earum
934 3048 1040 3116 (eorum
1063 3047 1102 3116 V)

86 3123 121 3172 18
145 3118 213 3187 appi
237 3117 295 3187 (api
319 3119 395 3186 Pol,
418 3117 487 3188 appi
511 3121 616 3188 (φορτ.)
689 3123 724 3172 20
747 3118 782 3172 dc
805 3118 905 3186 quibus
928 3135 974 3173 me
997 3117 1032 3173 de
1059 3135 1102 3173 co·

84 3188 189 3243 lumbis
217 3189 280 3242 rula
307 3189 386 3243 uxios
414 3188 530 3258 inquam
557 3204 591 3243 ex
618 3188 869 3258 peristerotrophio
950 3195 984 3243 29
1012 3204 1101 3258 genus

84 3260 158 3314 illud
176 3260 368 3314 columbarum
388 3260 487 3330 (genus
505 3260 699 3316 columbarum
720 3259 758 3329 V)

177 3426 191 3473 1
211 3420 241 3474 in
259 3419 446 3474 testudinem
508 3425 542 3476 20
560 3418 672 3476 Merula
690 3420 756 3488 Axi,
770 3417 801 3474 si
812 3435 947 3484 unquam
956 3417 1118 3482 pensem-

83 3491 213 3560 troplrion
230 3491 426 3548 'constituisses
443 3508 460 3549 n
