2386 3742
62 111 86 164 X
312 162 317 168 .
456 109 661 165 PRAEFATIO

62 255 305 318 Pontederae
319 255 353 318 in
372 253 615 340 ‘antiquitatum
634 256 808 321 latinarum
823 277 1078 344 graecarumque

63 344 323 407 enarrationibus
348 346 445 428 atque
468 344 761 409 emendationibus'
783 345 915 410 Patavii
939 370 966 411 a.
989 351 1079 414 1740

63 433 173 514 editis,
206 433 321 516 quibus
355 433 389 494 in
417 431 531 514 primis
561 430 696 497 Catonis
726 437 758 497 et
786 427 945 499 Varronis
973 437 1076 502 libros

63 521 220 606 singulari
243 520 402 585 industria
424 520 587 584 illustrare
611 526 644 584 et
667 522 837 586 emendare
857 524 989 589 studuit.
1020 526 1075 589 scd

42 632 103 673 ne
126 612 240 673 nostra
264 609 393 694 quidem
423 612 543 693 aetate,
573 609 763 695 priusquam
788 611 827 674 ad
851 612 1076 695 incorruptum

62 698 241 781 scripturae
277 699 401 762 fontem
439 698 545 762 aditus
582 698 765 780 patefactus
802 703 903 783 esset,
936 703 1075 766 multum

63 787 175 871 profici
202 786 236 849 in
264 786 487 850 emendatione
515 787 633 851 horum
662 787 819 851 librorum
849 789 969 872 potuit,
1003 813 1075 854 cum

61 876 194 959 plurimi
216 877 348 939 inventa
371 877 516 958 priorum
541 874 700 940 editorum
719 877 816 940 nimis
834 877 996 959 patienter
1014 879 1076 941 fer·

61 970 149 1048 rent,
180 966 273 1048 pauci
302 964 388 1028 unde
411 963 529 1028 veteris
554 964 732 1047 scripturae
756 966 914 1029 memoria
936 967 1077 1048 petenda

62 1057 147 1118 esset
180 1054 407 1138 intellegerent
435 1053 485 1116 vel
514 1057 664 1116 naturam
692 1055 850 1117 sermonis
879 1052 1075 1118 Varroniani

61 1147 264 1225 perspectam
288 1142 456 1205 haberent.

149 1230 223 1314 Ego
253 1253 323 1294 eam
352 1231 525 1311 rationem,
556 1251 652 1312 quam
682 1229 760 1293 olim
791 1229 954 1294 Victorius
982 1253 1074 1313 prae·

62 1321 149 1384 claro
170 1319 316 1402 exemplo
336 1319 615 1382 demonstraverat
634 1340 737 1402 neque
756 1322 866 1382 tamen
886 1321 1075 1382 constanter

62 1408 260 1491 obtinuerat,
291 1411 420 1472 secutus
449 1429 530 1470 sum.
579 1407 689 1491 itaque
716 1429 847 1489 operam
877 1407 949 1470 dedi
978 1412 1014 1470 ut
1042 1410 1075 1469 et

62 1496 221 1579 scriptura
245 1496 413 1580 archetypi
435 1500 731 1579 repraesentaretur
751 1500 783 1559 et
802 1495 984 1559 emendatio
1004 1517 1073 1558 ver-

60 1586 176 1650 borum
202 1586 298 1649 certis
321 1586 449 1669 legibus
469 1584 733 1667 adstringeretur.
762 1584 917 1647 editiones
937 1588 970 1647 et
989 1604 1074 1647 com-

60 1673 238 1738 mentarios
271 1677 340 1738 tam
373 1677 518 1737 veterum
551 1695 649 1757 quam
683 1673 860 1736 recentium
890 1673 1075 1736 criticorum

60 1763 193 1847 perlegi,
217 1784 298 1847 quae
322 1766 396 1846 apte
417 1763 451 1824 in
470 1761 536 1824 illis
556 1761 726 1825 emendata
743 1761 948 1824 inveniebam
966 1760 1075 1842 recepi

62 1855 95 1916 et
129 1852 195 1915 suis
225 1853 410 1915 auctoribus
440 1849 613 1915 vindicavi:
652 1849 728 1934 quid
758 1848 840 1912 milri
867 1847 1075 1912 tribuendum

62 1940 113 2023 sit,
137 1941 290 2024 quoniam
312 1939 407 2004 facilc
431 1938 581 2023 intellegi
603 1939 733 2021 poterit,
757 1938 918 2020 adscripto
942 1936 1074 2000 nomine

62 2028 244 2113 significare
278 2051 358 2111 opus
390 2050 456 2092 non
491 2049 560 2092 esse
592 2027 714 2110 putavi.
767 2026 878 2110 paucis
910 2025 1003 2106 lociS,
1040 2024 1075 2087 in

62 2118 178 2202 quibus
198 2119 297 2181 verba
315 2121 383 2180 tam
402 2117 545 2202 graviter
563 2119 715 2198 corrupta
735 2117 835 2197 erant,
858 2117 895 2177 ut
914 2113 1076 2196 probabili

62 2207 285 2270 emendatione
317 2207 425 2270 sanari
453 2227 519 2269 non
542 2209 688 2287 possent,
718 2206 832 2267 notare
856 2202 1075 2285 corruptelam

62 2317 158 2380 quam
183 2295 297 2359 inanes
321 2296 519 2359 coniecturas
544 2292 715 2357 admittere
738 2291 847 2356 malui.

152 2417 274 2502 Scripsi
295 2417 390 2482 Halis
415 2417 579 2482 Saxonum
603 2438 713 2480 mense
737 2413 908 2478 Decembri

225 2515 228 2520 “
276 2530 303 2572 a.
327 2503 690 2572 MDOOOLXXXVIII.
