2386 3742
114 114 158 176 64
416 165 423 174 ,
522 110 711 166 VARRONIS

114 279 193 322 vasa
216 257 337 321 olearia
361 277 398 320 ao
426 260 585 340 trapetaS,
613 278 694 340 quae
720 278 772 321 res
796 257 902 321 molae
926 256 1069 321 oleariae
1092 276 1130 320 ex

86 347 195 412 6dur0
220 350 253 409 et
277 366 391 428 aspero
414 345 530 430 lapide.
575 346 648 409 olea
670 346 754 409 lecta
778 346 807 410 si
829 345 966 409 nimium
991 344 1048 409 diu
1068 344 1130 410 fuit

115 436 149 498 in
182 433 319 516 acervis,
352 434 479 499 caldore
512 434 728 499 fracescitet
760 434 866 499 oleum
894 433 1055 498 foetidum
1084 433 1128 499 fit.

114 522 267 606 itaque
242 545 269 586 sr
283 543 424 607 nequeas
439 527 568 588 mature
582 524 746 605 conficere,
763 524 811 603 [in
826 522 963 603 acervis]
979 522 1128 588 iactando

86 611 271 679 luentilare
292 632 370 694 opor
372 615 428 676 t.et
467 635 505 677 ex
525 613 597 677 olea
615 612 700 676 fruct
685 615 739 676 tus
759 611 886 695 duplex,
907 612 1024 696 oleum,
1044 609 1149 696 quoda

116 688 267 764 (ιῖιιιιιιιιιε
304 704 363 765 not
365 723 432 784 um,
466 705 498 766 et
531 723 676 786 amurca,
708 701 799 765 cuius
836 705 872 765 ut
858 700 959 764 tilitat
910 703 1013 764 ttem
1047 699 1128 783 quod

115 790 270 890 ignorant
288 789 444 875 plerique,
466 791 543 854 lieet
561 789 670 854 videre
690 811 707 853 e
726 790 860 855 torculis
881 789 1012 853 oleariis
1032 788 1126 853 fluere

116 879 150 942 in
173 899 270 963 agros
299 901 336 943 ac
360 901 427 944 non
456 879 561 943 solum
585 878 755 964 denigrare
778 884 914 960 terram,
942 876 998 942 sed
1023 878 1127 942 multi·
1172 950 1174 957 ,

116 967 227 1031 tudine
250 968 356 1032 facere
379 968 536 1051 sterilem,
560 990 634 1032 cum
658 969 687 1031 is
710 990 804 1032 umor
827 928 971 1031 modicus
995 965 1126 1032 eumad
1172 974 1174 1049 ἶ

116 1057 236 1120 multas
255 1078 306 1120 res
325 1060 395 1120 tum
415 1055 455 1120 ad
475 1057 722 1142 agriculturam
736 1056 899 1140 pertineat
914 1055 1126 1139 vehementer,
1136 1075 1155 1116 u
1172 1052 1174 1123 ἶ

117 1145 202 1229 quod
230 1145 351 1209 circum
380 1145 531 1209 arborum
560 1146 684 1210 radices
712 1145 839 1209 infundi
866 1145 963 1228 solet,
990 1145 1126 1209 maxime

118 1234 158 1296 ad
182 1233 297 1314 oleam,
321 1237 353 1297 et
375 1233 569 1319 ubicumque
592 1234 626 1298 in
650 1254 729 1318 agro
752 1234 853 1299 herba
876 1236 979 1298 nocet.

71 1337 134 1391 LVI
206 1319 341 1406 Agrius,
373 1321 579 1404 Iamdudum,
610 1323 730 1407 inquit,
763 1324 799 1387 in
825 1323 906 1387 villa
934 1322 1051 1386 sedens
1079 1343 1127 1385 ex·

117 1413 210 1494 pecto
236 1433 309 1475 cum
332 1411 417 1475 olavi
440 1415 486 1495 te,
511 1410 615 1495 Stolo,
643 1412 719 1476 dum
742 1411 867 1476 fruetus
891 1412 925 1475 in
947 1410 1062 1475 villam
1083 1431 1126 1474 re-

116 1500 211 1565 feras
257 1499 331 1583 Ille,
354 1499 417 1564 Em
444 1502 520 1585 quin
545 1500 672 1584 adsum,
695 1501 802 1584 venie,
824 1500 937 1584 inquit,
961 1499 1001 1563 ad
1023 1499 1128 1581 limen,
1138 1518 1156 1560 u

116 1588 202 1653 fores
226 1589 324 1671 aperi.
362 1590 501 1673 primum
526 1589 714 1654 faenisiciae
737 1589 918 1655 conduntur
936 1587 1053 1653 melius
1072 1587 1128 1652 sub

116 1680 204 1742 tecto
233 1699 330 1761 quam
358 1678 393 1741 in
422 1679 557 1762 acervis,
586 1679 672 1762 quod
700 1679 747 1743 ita
774 1679 811 1741 fit
834 1677 1003 1743 iucundius
1030 1677 1128 1760 pabu-

116 1766 194 1829 lum.
240 1787 279 1829 ex
307 1787 344 1831 eo
372 1767 585 1851 intellegitur,
613 1768 699 1851 quod
731 1789 828 1852 pecus
857 1771 994 1850 utroque
1023 1767 1128 1849 posito

59 1868 136 1924 LVII
145 1854 301 1919 libentius
321 1859 379 1920 est.
417 1859 477 1937 [et]
497 1856 641 1921 triticum
661 1857 755 1921 condi
775 1859 906 1940 oportet
928 1855 961 1919 in
981 1853 1129 1939 granaria

119 1943 281 2023 sublimia,
305 1966 387 2028 quae
410 1946 588 2028 perdentur
610 1948 708 2010 vento
732 1946 772 2009 ab
796 1949 909 2010 exortu
932 1965 971 2008 ac
994 1947 1157 2028 septem-u

119 2034 261 2098 trionum
291 2033 437 2118 regione,
466 2034 505 2098 ad
535 2057 617 2119 quae
645 2035 736 2099 nulla
759 2056 839 2097 aura
861 2031 979 2103 umida
996 2054 1035 2096 ex
1057 2052 1128 2116 pro·

118 2122 249 2205 pinquis
277 2122 357 2186 locis
387 2122 538 2207 adspiret.
584 2123 726 2206 parietes
754 2126 787 2187 et
815 2122 921 2186 solum
948 2142 1044 2205 opere
1066 2124 1128 2184 tec·

89 2211 204 2276 2torio
241 2214 440 2275 marmorato
478 2212 693 2295 loricandum3
726 2212 754 2276 si
787 2212 909 2292 minue,
941 2231 980 2274 ex
1013 2209 1130 2294 argilla

120 2298 222 2362 mixta
253 2319 344 2363 acere
364 2321 380 2363 e
399 2299 563 2366 frumento
592 2305 625 2366 et
651 2322 795 2384 amurca,
827 2299 913 2384 quod
942 2320 1069 2363 murem
1101 2301 1131 2362 et

119 2408 261 2451 vermem
288 2409 355 2452 non
382 2389 506 2473 patitur
534 2411 604 2454 esse
629 2393 662 2454 et
690 2409 793 2473 grana
815 2389 895 2453 facit
918 2387 1073 2453 solidiora
1096 2405 1161 2451 aaa

119 2476 273 2541 firmiora.
326 2476 456 2562 quidam
486 2479 594 2562 ipsum
623 2478 768 2542 triticum
798 2479 1037 2561 conspergunt,
1060 2497 1131 2541 oum

86 2576 91 2583 '
120 2564 242 2630 addant
264 2567 298 2629 in
322 2566 449 2632 circiter
476 2569 565 2632 mille
589 2567 732 2632 modium
757 2566 950 2650 quadrantal
974 2586 1132 2630 amurcae.

119 2655 198 2717 item
227 2655 311 2719 alius
340 2656 422 2720 aliut
449 2656 569 2721 adfriat
592 2659 649 2719 aut
673 2656 833 2740 aspargit,
861 2659 898 2719 ut
922 2653 1132 2720 chalcidicam

120 2747 177 2807 aut
195 2743 335 2808 caricam
355 2748 477 2808 cretam
496 2748 553 2809 aut
571 2743 782 2825 absinthium,
800 2743 879 2808 item
892 2744 989 2808 huius
1004 2743 1133 2826 generis

120 2831 192 2895 alia.
243 2832 374 2915 quidam
402 2834 555 2917 granaria
584 2834 706 2898 habent
736 2835 796 2898 sub
826 2833 922 2898 te‘rris
953 2831 1165 2916 speluncaque

119 2957 332 2964 ——-—-

211 3028 244 3076 13
265 3025 396 3092 exspecto
478 3031 511 3078 21
531 3026 647 3080 humida
728 3031 762 3080 23
781 3023 919 3080 loricandi
989 3029 1026 3078 24
1045 3024 1135 3079 mixto

121 3109 205 3162 agere
225 3109 240 3147 e
258 3095 399 3151 frumento
485 3103 520 3150 26
540 3098 728 3165 conspergant
815 3102 849 3151 2⁷
870 3097 1027 3165 quadrante
1102 3100 1135 3150 29

121 3169 226 3220 cretam
245 3167 295 3220 aut
313 3170 428 3232 (cretam
448 3185 481 3222 ae
506 3169 544 3236 V)
618 3167 798 3222 absenthium

211 3333 243 3380 19
263 3329 293 3382 et
310 3330 438 3382 omissam
456 3327 488 3380 ia
506 3327 638 3382 Parisino
656 3329 746 3383 codice
818 3332 852 3382 23
872 3327 1002 3396 argillam
1018 3325 1137 3381 mixtam

108 3411 193 3450 acere
210 3397 418 3456 Hrtchanasl
441 3397 511 3472 Vp.
532 3402 630 3469 163,1
736 3404 772 3454 ‘lt
791 3400 983 3468 conspargunt
1001 3414 1029 3453 m
1103 3403 1137 3459 21

93 3467 275 3528 quadrantal
295 3472 453 3532 Iucundos
