2386 3742
291 110 419 166 RERVM
437 109 675 167 Rvsrlcelevm
693 110 760 165 ΗΒ.
780 111 806 166 ΙΙ
825 118 895 166 3-4
1057 112 1098 176 91

177 256 267 342 Ergo
305 256 361 340 qui
394 272 485 321 suum
520 275 653 341 gregem
685 258 755 322 vult
786 256 907 322 habere
939 256 1101 341 idoneum,

83 346 209 430 eligere
242 349 372 430 oportet
403 345 544 429 primum
572 346 660 410 bona
687 349 809 430 aetate,
845 346 985 411 seeundo
1013 345 1100 411 bona

82 435 193 500 forma
216 430 269 521 (ea
291 438 438 500 est‘oum
461 434 675 518 amplitudine
699 436 934 519 membrorum,
957 437 1100 519 praeter-

84 545 184 607 quam
207 522 342 606 pedibus
367 521 503 611 capite):
526 524 709 588 unicolores
731 524 842 607 potius
867 545 965 608 quam
983 523 1100 589 varias.

56 633 161 682 scum
187 610 268 677 haee
295 613 406 677 eadem
434 616 472 676 ut
499 613 644 678 habeant
670 634 778 678 verres
812 612 997 696 videndum,
1029 617 1099 678 tum

84 701 199 784 utique
222 700 290 765 sint
312 701 491 766 cervicibus
515 701 640 785 amplis.
677 701 756 766 boni
779 701 911 766 seminis
935 723 1007 766 sues
1032 701 1130 768 ani-4

83 788 330 854 madvertuntur
353 812 373 854 a
394 789 479 854 faeie
502 793 535 854 et
556 790 712 874 progenie
736 794 769 854 et
790 791 923 875 regione
946 789 1042 855 caeli:
1080 811 1100 854 a

83 877 178 962 facie,
203 879 230 942 si
252 878 391 943 formosi
414 882 490 943 sunt
512 879 614 944 verris
638 883 672 943 et
695 878 815 964 scrofa3
842 900 863 944 o
885 879 1048 963 progenie,
1072 879 1100 942 si

83 988 203 1050 porcos
230 967 351 1032 multos
378 968 526 1051 pariunt;
564 989 584 1032 a
610 967 757 1051 regione,
788 967 816 1032 si
843 969 953 1051 potius
985 989 1024 1032 ex
1046 967 1098 1032 his

38 1086 70 1126 10
84 1055 177 1140 loeis,
200 1055 257 1120 ubi
274 1060 451 1120 naseuntur
471 1056 598 1139 amplae
618 1078 715 1139 quam
735 1057 844 1139 exiles,
867 1056 1002 1140 pararis.
1035 1055 1128 1124 emit

84 1145 194 1209 solent
225 1145 279 1229 sic,
312 1143 435 1210 ‘illasce
468 1166 541 1210 sues
574 1167 670 1209 sanas
703 1167 773 1211 esse
801 1145 984 1229 habereque
1013 1148 1099 1209 recte

82 1233 183 1298 licere
214 1233 370 1317 noxisque
402 1234 562 1318 praestari
595 1255 699 1318 neque
729 1234 768 1299 de
799 1255 914 1318 pecore
947 1234 1099 1299 morboso

83 1343 158 1387 esse
181 1321 405 1405 spondesner’.
445 1322 576 1408 quidam
600 1322 745 1388 adiciunt
766 1323 952 1407 perfunctas
981 1344 1051 1387 esre
1080 1345 1100 1387 a

82 1411 171 1474 febri
194 1413 228 1474 et
251 1433 270 1475 a
293 1407 384 1476 foria.

43 1530 69 1570 15
174 1498 213 1562 In
236 1503 334 1584 pastu
355 1500 445 1565 locus
464 1499 539 1565 huic
557 1500 665 1583 pecori
684 1503 780 1584 aptus
799 1501 990 1585 uliginosus,
1013 1499 1098 1583 quod

84 1588 268 1653 delectatur
300 1610 366 1654 non
396 1589 502 1654 solum
536 1611 620 1673 aqua
649 1590 705 1654 sed
733 1589 832 1654 etiam
859 1589 939 1654 luto.
988 1589 1099 1673 itaque

84 1677 128 1742 ob
149 1699 220 1741 eam
239 1698 308 1743 rem
329 1677 420 1742 aiunt
437 1683 541 1761 lupos,
559 1699 633 1743 eum
652 1677 719 1741 sint
738 1677 949 1756 uenationes,
970 1677 1099 1742 trahere

84 1787 188 1850 usque
216 1766 256 1830 ad
284 1788 415 1850 aquam,
444 1766 530 1850 quod
558 1766 669 1831 dentes
697 1766 857 1832 fervorem
886 1766 991 1831 carnis
1014 1764 1098 1831 ferre

82 1858 257 1938 nequeant.
305 1855 367 1919 hoe
394 1876 490 1938 pecus
525 1855 625 1920 alitur
651 1856 790 1920 maxime
818 1855 950 1939 glande,
982 1855 1128 1922 deinded

44 1973 71 2014 ω
84 1943 164 2008 faba
183 1947 216 2006 et
233 1943 354 2009 hordeo
374 1947 407 2008 et
425 1946 532 2009 cetero
550 1944 724 2028 frumento,
745 1965 827 2028 quae
846 1965 898 2008 res
916 1964 982 2007 non
1001 1943 1097 2008 modo
1188 1981 1191 1987 ·

84 2031 346 2116 pinguitudinem
380 2031 533 2115 efficiunt,
567 2032 622 2096 sed
655 2033 753 2097 etiam
787 2033 893 2097 earnis
920 2031 1097 2096 iucundum

85 2141 245 2204 saporem.
284 2124 414 2204 pastum
438 2121 571 2204 exigunt
594 2124 717 2194 aestate
740 2142 835 2185 mane
859 2124 900 2203 et,
923 2123 1098 2203 antequam

85 2214 196 2273 aestus
219 2209 363 2294 incipiat,
386 2210 542 2295 subigunt
559 2209 594 2273 in
615 2211 802 2275 umbrosum
820 2210 936 2288 locum,
959 2209 1097 2274 maxime

85 2297 143 2362 ubi
162 2319 248 2380 aqua
266 2299 322 2361 eit:
345 2301 422 2381 post
439 2298 605 2362 meridiem
624 2321 736 2363 rursus
754 2298 856 2363 lenito
875 2296 1001 2363 fervore
1024 2320 1098 2382 pas·

43 2415 70 2458 25
85 2389 172 2450 cunt.
221 2386 358 2451 hiberno
398 2392 544 2470 tempore
576 2409 642 2452 non
673 2389 762 2471 prius
794 2387 929 2472 exigunt
959 2392 1099 2470 pastum,

84 2496 183 2559 quam
206 2475 325 2558 pruina
348 2476 479 2540 evanuit
502 2497 540 2540 ac
563 2476 798 2560 conliquefacta
822 2481 872 2540 est
890 2475 1018 2559 glacies.
1056 2475 1127 2542 adr

84 2564 228 2628 feturam
251 2583 360 2628 verres
384 2564 509 2629 duobus
533 2565 696 2628 mensibus
721 2568 796 2629 ante
816 2562 1009 2628 secernendi.
1043 2584 1099 2647 op-

84 2653 202 2716 timum
230 2652 271 2716 ad
299 2652 512 2717 admissuram
541 2655 670 2737 tempus
701 2673 720 2716 a
751 2651 884 2717 favonio
917 2651 958 2715 ad
992 2652 1099 2735 aequi·

82 2741 229 2806 noctium
244 2761 400 2804 vernum:
423 2742 470 2805 ita
494 2741 580 2805 enim
604 2740 767 2825 contingit
785 2744 822 2805 ut
841 2744 963 2805 aestate
981 2741 1097 2823 pariat.

175 2930 427 3001 3amplitudinem
498 2931 683 2987 lunicoloris
756 2931 896 2987 thabeat
963 2937 1098 2987 eaaotc

82 3003 220 3073 progenie
243 3019 294 3057 om.
368 3007 401 3056 10
424 3003 533 3073 amplae
562 3020 646 3072 qnam
676 3001 758 3056 exilis
787 3005 882 3073 parari
909 3002 980 3058 semi
1007 3004 1100 3058 solent

83 3072 241 3130 sicuihasee
266 3090 329 3128 sues
412 3080 444 3128 17
470 3074 547 3129 nacti
569 3074 678 3145 (nancti
700 3076 757 3130 cod.
783 3076 862 3144 Por.)
953 3080 988 3129 20
1012 3074 1098 3145 qnae]

83 3145 215 3214 quodque
287 3150 322 3198 22
342 3143 473 3216 exsigunt
489 3148 582 3216 priore
601 3147 657 3201 loeo
752 3195 757 3205 .

175 3326 191 3374 0
211 3320 397 3391 amplitudine
415 3339 463 3378 mo
560 3328 576 3377 5
596 3322 753 3378 habeauto
853 3327 869 3376 8
893 3338 910 3376 a
928 3320 1063 3391 progenie
1081 3337 1098 3375 o

82 3400 119 3449 10
138 3393 251 3462 amplae
269 3389 355 3462 quam
374 3392 460 3448 exiles
478 3395 595 3464 paratae
619 3394 737 3451 Ursinus
826 3397 864 3446 ll
884 3391 989 3446 ‘illesas
1004 3408 1077 3442 asse
1089 3406 1109 3439 u

79 3470 117 3518 20
135 3479 207 3530 quae
223 3480 270 3519 res
286 3481 335 3520 mo
