2386 3742
124 131 187 195 108
493 127 495 133 '
538 129 726 186 VARRONIS

123 276 161 340 de
184 276 379 359 pastoribus.
424 275 538 340 Brevis
562 275 668 340 oratio
691 275 730 339 de
753 273 836 353 istis,
859 273 966 358 iuquit
988 273 1134 339 Murrius.
1183 338 1185 345 ,

122 386 199 429 nam
223 365 303 429 muli
326 367 359 428 et
382 364 461 429 item
483 364 575 429 tiuuc'
597 364 743 448 bigeneri
766 366 863 448 atque
886 363 1040 447 insiticii‚
1072 384 1135 429 non

124 457 238 537 suopte
265 473 382 538 genere
411 454 452 517 ab
480 453 651 518 radicibus.
697 473 737 515 ex
765 473 846 537 equa
873 451 960 516 enim
991 455 1024 516 et
1048 452 1134 517 asino

93 542 161 607 2fit
184 541 306 624 mulus,
335 544 449 607 contra
477 564 516 605 ex
544 562 626 625 equo
658 544 691 605 et
714 541 806 605 asina
828 540 956 606 hinnus.
1003 544 1135 626 uterque

124 651 234 695 eorum
255 631 295 694 ad
314 653 409 695 usum
428 630 529 713 utilis,
547 635 643 715 partu
661 629 848 695 fructuosus
866 632 990 693 neuter.
1013 630 1135 713 pullum
1155 648 1164 688 ι

125 719 285 784 asininum
305 743 324 784 a
343 723 440 802 partu
462 723 625 783 recentem
641 719 806 784 subiciunt
819 739 929 821 equae,
948 717 1041 782 cuius
1055 719 1136 783 lactc
1182 770 1185 793 .

124 808 298 892 ampliores
322 808 413 890 fiunt,
437 808 578 891 quodid
602 808 687 873 lacte
711 829 807 891 quam
831 807 996 871 asininum
1019 806 1062 881 ad
1085 807 1136 871 ali·

124 899 234 961 monia
267 897 379 962 dicunt
410 918 481 961 esse
514 897 638 961 melius
692 899 861 980 praeterea
891 889 1066 960 educant
1068 916 1136 960 eum

124 985 236 1070 paleis,
259 986 365 1068 faeno,
387 985 517 1050 hordeo.
563 985 662 1049 matri
671 983 918 1137 suppositiciae
941 1005 1072 1068 quoque
1094 984 1136 1048 in·

125 1075 279 1157 serviunt,
299 1095 362 1157 quo
382 1095 464 1157 equa
484 1073 552 1154 [ad]
573 1074 669 1137 minis
671 1074 790 1137 terium
808 1073 903 1137 lactis
922 1072 1033 1136 cibum
1052 1073 1136 1157 pullo
1147 1090 1166 1130 ιι

125 1163 279 1245 praebere
302 1163 415 1245 possit.
460 1163 513 1226 hic
536 1162 584 1226 ita
607 1162 760 1226 educatus
785 1185 804 1226 a
827 1162 924 1226 trimo
947 1164 1062 1246 potest
1088 1161 1137 1226 ad·

125 1251 226 1314 mitti:
262 1271 366 1334 neque
391 1251 478 1315 enim
502 1254 694 1333 aspernatur
716 1253 851 1335 propter
873 1250 1138 1315 consuetudinem

94 1338 286 1423 3equinam.
331 1338 418 1403 hunc
448 1341 607 1404 minorem
635 1341 663 1403 si
686 1339 863 1422 admiseris,
894 1339 1021 1424 etipse
1046 1340 1137 1404 citius

126 1429 275 1509 senescit,
304 1431 337 1491 et
365 1449 446 1511 quae
478 1450 516 1492 ex
544 1450 582 1492 eo
611 1429 836 1511 concipiuntur
865 1427 947 1491 fiunt
971 1427 1138 1493 deteriora

126 1518 181 1601 qui
201 1538 268 1582 non
286 1517 407 1581 habent
422 1539 495 1581 eum
510 1517 646 1595 asinum,
665 1539 760 1600 quem
776 1518 1016 1599 supposuerunt
1031 1535 1169 1601 equaqu

126 1611 159 1669 et
182 1606 308 1670 asinum
332 1606 557 1670 admissarium
578 1605 843 1687 hebetescunt,
867 1605 906 1668 de
926 1604 1027 1669 asinis
1048 1627 1138 1690 quem

127 1694 367 1777 amplissimum¹
387 1694 722 1778 formosissimumque
745 1696 884 1778 possunt
907 1693 1050 1778 eligunt,
1074 1694 1137 1778 qui-

127 1804 187 1865 que
211 1783 347 1846 seminio
371 1787 467 1848 natus
492 1784 536 1846 sit
559 1784 657 1866 bono,
685 1782 858 1860 Arcadico,
885 1786 923 1846 ut
945 1782 1076 1867 antiqui
1098 1782 1137 1846 di·

127 1872 252 1956 cebant,
275 1874 312 1935 ut
336 1893 395 1936 nos
419 1873 543 1956 experti
563 1894 681 1953 sumus,
705 1871 854 1955 Reatino,
877 1871 933 1935 ubi
953 1871 1086 1936 tricenis
1104 1891 1137 1935 ac

127 1960 342 2045 quadragenis
362 1961 493 2025 milibus
512 1960 696 2024 admissarii
715 1961 839 2044 aliquot
856 1960 1035 2025 venierunt.
1062 1979 1165 2044 quosn

127 2050 263 2114 emimus
291 2049 369 2113 item
398 2054 435 2113 ut
463 2071 562 2133 equos
591 2049 849 2133 stipulamurque
875 2049 910 2112 in
938 2048 1075 2114 emendo
1104 2068 1136 2113 ac

126 2138 263 2202 facimus
286 2138 321 2201 in
345 2138 531 2221 accipiendo
551 2137 646 2222 idem,
670 2137 755 2222 quod
777 2137 899 2202 dictum
919 2137 1022 2200 estin
1043 2137 1133 2222 equis.

96 2225 186 2290 4h0s
219 2226 382 2308 pascimus
414 2228 585 2310 praecipue
616 2225 712 2291 faeno
745 2229 843 2310 atque
874 2225 1014 2308 hordeo,
1047 2230 1080 2290 et
1107 2222 1133 2287 id

128 2317 204 2377 ante
232 2313 445 2378 admissuram
476 2320 508 2378 et
536 2315 659 2399 largius
687 2315 837 2398 facimus,
866 2319 903 2379 ut
926 2315 998 2379 cibo
1024 2314 1133 2380 suffun-

128 2402 241 2466 damus
270 2403 354 2466 vires
383 2403 422 2467 ad
451 2403 604 2485 feturam,
635 2403 747 2469 eodem
774 2407 920 2487 tempore
949 2424 1013 2486 quo
1043 2417 1159 2487 equoss

128 2492 336 2575 adducentes,
364 2492 506 2577 itemque
534 2497 572 2557 ut
598 2493 686 2556 ineat
716 2513 815 2576 equas
838 2513 896 2575 per
918 2492 1029 2576 origas
1052 2511 1132 2557 cure·

127 2603 208 2645 mus.
254 2602 326 2645 cum
359 2583 486 2665 peperit
519 2602 601 2665 equa
632 2581 756 2644 mulum
789 2585 846 2644 aut
871 2581 1012 2664 mulam,
1044 2578 1132 2644 nutri·

217 2796 233 2843 2
253 2790 335 2844 multi
355 2790 470 2844 etitem
490 2789 617 2858 bigeneri
666 2789 810 2872 3suopte]
829 2805 879 2844 suo
894 2805 947 2858 ope
993 2797 1010 2843 4
1028 2787 1133 2844 hinnire

129 2866 145 2914 5
164 2861 237 2914 fruct
226 2860 336 2932 tuosus]
354 2859 460 2942 fructus
524 2868 538 2916 7
558 2860 663 2916 atalia
682 2860 776 2915 omnia
830 2867 845 2913 9
865 2861 970 2916 hordeo
989 2859 1087 2930 (ordeo
1102 2858 1133 2927 V)

130 2937 161 2985 11
183 2932 298 2985 eductus
318 2947 335 2985 a
352 2931 444 3000 primo
504 2937 537 2986 16
558 2931 710 2986 asinarium
730 2930 925 2986 admissarium
974 2938 1007 2987 19
1027 2928 1134 2987 tricenis

129 3003 164 3057 ad
184 3001 396 3072 quadringentis
463 3009 498 3058 20
517 3002 632 3071 aliquod
700 3008 734 3057 ιδ
753 3001 884 3072 idemque
948 3008 982 3057 27
1000 2999 1135 3074 pepererit

216 3203 233 3251 2
252 3196 323 3252 muli
341 3201 371 3252 et
388 3197 469 3252 hinni
488 3197 613 3268 bigeneri
632 3199 779 3253 Iucundos
851 3204 866 3251 3
887 3213 936 3253 suo
956 3200 986 3252 te
1005 3211 1135 3268 generes

128 3275 145 3324 4
163 3269 265 3324 hinnue
283 3269 430 3324 Iucundos
477 3275 491 3323 7
511 3268 645 3324 alimonia
663 3269 890 3324 Lachmauuue'
878 3286 910 3323 su
953 3276 1039 3325 ucrct.
1048 3287 1079 3339 p.
1086 3269 1136 3324 352

127 3347 163 3396 10
191 3357 264 3410 equa
294 3338 481 3394 ministerium
511 3339 593 3393 lactis
620 3339 698 3409 pullo
725 3340 859 3409 praebere
886 3339 978 3409 possit
1006 3341 1136 3396 urucas

112 3415 149 3464 11
168 3429 188 3467 a
209 3412 296 3468 trimo
322 3411 445 3470 Ureruus
501 3417 535 3468 16
554 3411 668 3466 asinum
684 3410 880 3465 admissarium
894 3427 922 3464 rc
976 3416 1009 3465 19
1028 3408 1136 3466 tricenis

97 3497 136 3537 ὅθ
154 3485 360 3559 quadragenis
378 3504 407 3544 m
484 3492 520 3544 27
540 3485 660 3559 peperit
677 3498 694 3537 ιι
