2386 3742
583 40 604 60 ⁸
616 40 656 90 ἰ.

133 135 177 200 22
541 107 726 189 vnanours

133 282 239 360 rebus,
263 284 300 344 ut
321 301 419 346 nuces
443 280 588 363 integras
612 301 692 363 quas
715 299 780 343 uno
800 278 908 343 modio
928 279 1149 362 conprendere

125 370 249 455 possis,
274 369 358 452 quod
382 369 553 452 putamina
576 390 633 432 suo
655 368 726 432 loco
746 389 892 452 quaeque
910 366 1011 431 habet
1028 370 1149 432 natura
1189 404 1191 453 1

135 458 318 542 conposita,
347 480 419 522 cum
443 457 588 534 easdem,
615 457 643 520 si
670 455 823 540 fregeris,
850 456 904 520 vix
928 455 1148 539 sesquimodio

103 547 301 629 dconcipere
324 547 439 631 possis.
483 549 651 630 praeterea
679 566 761 629 quae
790 545 920 608 arbores
943 545 978 608 in
1002 544 1148 611 ordinem

72 700 77 708 ,
135 639 225 700 satae
249 639 338 719 sunt,
366 657 421 699 eas
451 634 664 722 aequabiliter
688 655 727 698 ex
750 632 900 697 omnibus
924 632 1074 716 partibus
1100 635 1179 700 sols

135 745 173 788 ac
200 725 277 788 luna
309 727 460 808 coquunt.
506 744 569 807 quo
601 723 639 786 fit
625 726 707 786 tut
738 742 820 786 uvae
852 727 885 786 ct
916 723 1008 786 oleae
1037 723 1148 805 plures

132 817 311 877 nascantur
343 818 375 877 et
407 817 444 877 ut
471 812 606 876 celerius
635 815 823 894 coquantur.
869 833 950 894 quas
982 831 1034 874 res
1068 811 1148 877 duas

134 906 315 986 sequuntur
342 902 390 966 alt
376 904 445 965 tera
467 900 525 964 illa
549 900 627 985 duo,
654 899 788 982 utplus
813 898 865 981 [L]
888 898 1027 992 reddant
1012 900 1149 966 tmusti

134 994 167 1055 et
189 991 254 1055 olei
277 994 310 1054 et
332 990 416 1073 preti
438 990 550 1073 pluris.

104 1081 122 1139 5
223 1077 374 1163 Sequitur
407 1077 582 1142 secundum
610 1077 705 1179 illud,
737 1077 826 1161 quali
852 1080 940 1142 terra
967 1078 1093 1142 solum
1105 1081 1148 1145 sit
1159 1104 1185 1145 ιι

134 1167 234 1246 fundi,
258 1190 364 1251 aqua
386 1170 479 1252 parte
462 1167 555 1231 evel
576 1167 716 1231 maxime
739 1166 844 1231 bonus
869 1170 925 1231 aut
947 1187 1014 1232 non
1042 1167 1149 1234 bonus

134 1216 326 1339 appellatur.
362 1256 463 1320 refert
485 1256 581 1339 enim,
607 1276 762 1340 quaeres
786 1254 821 1319 in
844 1277 882 1320 eo
906 1254 969 1319 seri
992 1255 1149 1358 nascique

134 1350 168 1407 et
199 1345 289 1409 euius
321 1345 408 1410 modi
426 1345 581 1497 tpossint:
622 1365 689 1410 non
719 1343 806 1408 enim
835 1344 947 1409 eadem
976 1345 1087 1408 omnia
1114 1345 1149 1410 in

134 1433 246 1497 eodem
271 1455 348 1519 agro
372 1436 458 1498 recte
480 1438 626 1516 possunt.
662 1454 739 1497 nam
762 1438 796 1498 ut
782 1433 897 1498 talius
917 1436 967 1497 est
985 1432 1026 1497 ad
1044 1433 1149 1498 vitem

135 1522 317 1607 adpositus,
349 1523 433 1587 alius
468 1522 508 1586 ad
536 1521 678 1586 frument
664 1524 748 1605 tum,
780 1522 827 1586 sic
854 1521 893 1585 de
920 1522 1035 1586 ceteris
1065 1524 1182 1591 aliusu

105 1611 175 1674 tad
205 1611 301 1675 aliam
330 1634 407 1677 rem.
459 1612 569 1695 itaque
597 1609 712 1676 Cretae
741 1609 783 1675 ad
811 1608 1001 1694 Cortyniam
1029 1601 1150 1678 dicitur

133 1699 287 1800 platanus
311 1721 390 1784 esse,
415 1721 497 1784 quae
519 1699 599 1764 folia
622 1700 728 1764 hieme
747 1721 814 1765 non
837 1701 1016 1783 amittat,1
1005 1700 1149 1786 itemque
1189 1718 1191 1773 ἓ

133 1788 168 1851 ιιι
192 1786 310 1873 Cypro,
334 1792 370 1853 ut
395 1788 640 1875 Theophrastus
663 1790 719 1873 ait,
742 1789 917 1872 una,1item
939 1749 1068 1873 ὃιιιιιιι,
1093 1791 1149 1876 qui

132 1899 218 1944 nunc
237 1878 352 1943 Thurii
370 1877 528 1962 dicuntur,
552 1900 687 1961 quercus
708 1878 806 1952 simili
825 1899 895 1942 esse
914 1881 1040 1963 natura,
1065 1902 1149 1965 quae
1189 1932 1191 1959 ,

130 1967 239 2031 estin
264 1968 374 2052 oppidi
397 1971 584 2053 conspectu:
615 1968 692 2031 item
718 1971 832 2031 contra
855 1970 953 2051 atque
976 1968 1063 2051 apud
1085 1990 1147 2035 noa

131 2055 202 2119 fieri
241 2056 281 2120 ad
314 2056 568 2139 Elephantinen,
605 2059 641 2120 ut
678 2077 781 2139 neque
813 2056 893 2120 ficus
925 2073 1028 2140 neque
1062 2058 1148 2125 vites

133 2144 287 2208 amittant
318 2144 406 2209 folia.
450 2149 584 2228 propter
616 2145 751 2208 eandem
780 2166 911 2209 causam
939 2146 1042 2209 multa
1071 2153 1149 2212 sunt

134 2232 250 2316 bifera,
278 2237 315 2296 ut
342 2233 419 2298 vitis
448 2233 532 2317 apud
561 2255 648 2298 mare
676 2231 849 2314 Zmumae,
875 2234 980 2298 malus
1009 2234 1148 2315 [biferae

102 2322 183 2400 lut]
208 2321 243 2385 in
266 2342 345 2405 agro
370 2318 578 2388 Consentino.
614 2322 700 2386 idem
724 2322 875 2408 ostendit,
898 2323 984 2407 quod
1007 2323 1042 2386 in
1065 2325 1147 2390 locis

133 2408 209 2473 feris
241 2411 338 2493 plura
368 2410 485 2494 ferunt,
517 2411 552 2475 in
583 2411 624 2476 iis
657 2432 739 2494 quae
772 2416 848 2476 sunt
880 2411 968 2475 culta
1000 2412 1165 2479 meliora.

133 2497 244 2563 cadem
269 2500 307 2563 de
331 2520 428 2564 causa
450 2498 527 2565 sunt
550 2521 630 2585 quae
653 2521 719 2564 non
742 2504 881 2583 possunt
902 2500 1011 2564 vivere
1029 2501 1094 2566 nisi
1112 2502 1149 2567 in

132 2587 205 2652 loco
230 2610 351 2689 aquoso
375 2591 432 2653 aut
455 2589 554 2653 etiam
578 2610 671 2672 aqua,
699 2591 733 2652 et
718 2588 787 2652 tid
811 2588 1010 2653 discriminat
1011 2589 1056 2653 im
1080 2593 1148 2673 [ut]

134 2675 241 2739 alia
232 2698 267 2739 m
298 2676 443 2760 lacubus,
473 2682 511 2741 ut
542 2677 782 2742 harundines
773 2699 807 2741 ιιι
838 2676 986 2761 Reatino,
1017 2678 1123 2742 ιιιι
1112 2702 1149 2744 ιιι

132 2764 330 2846 fluminibus,
354 2766 449 2829 utin
467 2765 568 2849 Epiro
593 2765 724 2831 arbores
749 2765 824 2846 alni,
849 2766 970 2829 aliam
994 2768 1086 2851 mari,
1110 2772 1149 2834 ut

99 2853 245 2917 8scribit
231 2848 479 3008 tThcophrast
479 2877 517 2919 us
551 2855 678 2938 palmas
714 2857 747 2918 et
779 2816 922 2937 sqhillas.
974 2854 1008 2918 in
1037 2853 1180 2924 Gallia»

13 3023 15 3028 Ι
132 2942 388 3027 transalpinam
388 2947 450 3026 tus,
470 2944 510 3007 ad
529 2942 677 3008 Rhenum
697 2964 770 3009 cum
790 2944 910 3009 exercit
911 2964 965 3006 um
985 2944 1191 3030 ducerem,

223 3153 343 3222 9pretii
407 3158 440 3207 21
460 3153 669 3235 elephantinem
728 3158 762 3208 23
775 3151 861 3234 vitis]
880 3152 991 3209 uites
1017 3171 1151 3224 zmyrnae

134 3225 258 3292 (zmume
277 3226 334 3281 eod.
354 3225 432 3293 Por.)
539 3225 600 3279 25
591 3242 621 3278 ιιι
640 3223 684 3278 his
704 3224 770 3295 (in
762 3222 797 3278 ris
821 3225 982 3295 apoprapaa
1000 3227 1149 3297 nonnulla)

133 3300 168 3349 28
188 3295 337 3351 arundines
409 3301 444 3350 30
463 3295 594 3364 squillam

196 3493 232 3542 21
254 3490 480 3565 Elephantinen
502 3494 677 3570 Sylburqiua
749 3496 784 3545 uu
803 3489 957 3557 sqdulasu
