2384 3736
127 164 132 173 .
242 119 373 175 unnvn
391 118 630 176 nvsuicravn
648 119 890 201 mamm-14
1008 118 1070 182 151

60 263 145 348 quod
183 285 256 327 curn
289 263 400 328 Aeolis
439 265 486 344 [et
518 264 652 346 bonum]
685 260 823 349 λέποριν
854 263 1073 347 appellabant.

59 352 198 417 cuniculi
232 351 310 416 dicti
341 352 382 417 ab
416 373 463 435 ec,
494 352 579 436 quod
612 353 671 417 sub
704 358 792 417 terra
823 351 987 430 cuniculos
1009 352 1074 433 ipsi

59 441 165 504 facere
194 441 312 525 solent,
340 441 397 505 ubi
423 440 549 504 lateant
575 441 609 504 in
636 440 734 526 agris.
783 439 900 505 horum
928 440 1102 505 omnium?

59 529 124 593 tria
156 549 284 614 genera,
317 528 345 592 si
377 528 494 612 possis,
525 528 558 592 in
591 528 752 612 leporario
783 529 904 593 habere
934 531 1073 613 oportet.

34 617 125 684 aduc
149 616 277 701 quidem
306 617 417 700 utique
441 620 473 681 te
496 616 616 681 habere
639 621 733 701 puto,
763 616 823 700 [et]
848 616 933 701 quod
956 617 991 680 in
1014 616 1073 680 Hi·

60 703 174 788 spania
202 706 296 768 annis
323 705 372 769 ita
398 704 490 769 fuisti
518 704 642 789 multis,
673 708 711 769 ut
737 704 812 769 inde
840 709 874 769 te
906 705 1072 769 cuniculos

59 797 246 877 persecutos
270 792 407 858 credam.

149 879 257 966 Apros
294 880 423 965 quidem
458 901 553 965 posse
589 880 704 946 haberi
741 881 776 944 in
813 880 975 964 leporario
1012 882 1147 950 necXIII

61 990 180 1054 magno
204 969 337 1054 negotio
359 970 406 1034 ibi
429 973 462 1034 et
485 971 630 1054 captivos
655 973 688 1034 et
710 969 836 1053 cicuris‚
860 969 915 1055 qui
937 969 986 1033 ibi
1004 970 1074 1033 nati

22 1058 137 1140 insint,
159 1058 297 1142 pingues
322 1058 424 1122 solere
447 1058 517 1121 fieri
540 1058 611 1136 scis,
633 1057 750 1143 inquit,
773 1058 845 1122 Axi.
881 1079 957 1122 nam
977 1079 1073 1143 quem

60 1145 195 1210 fundum
219 1147 252 1209 in
275 1146 456 1211 Tusculano
480 1146 560 1210 emit
581 1146 635 1211 hic
657 1146 763 1212 Vama
787 1168 806 1210 a
829 1145 872 1211 M.
894 1145 997 1230 Pupio
1022 1146 1074 1210 Pi·

61 1255 149 1317 sone,
170 1233 283 1298 vidisti
305 1235 346 1299 ad
367 1234 519 1299 bucinam
541 1234 688 1299 inflatam
707 1238 795 1300 certo
813 1237 959 1318 tempore
978 1255 1074 1318 apros

61 1324 94 1385 et
122 1343 255 1405 capreas
284 1323 453 1387 convenire
482 1322 524 1386 ad
546 1323 715 1407 pabulum,
743 1344 817 1388 cum
847 1345 886 1388 ex
909 1324 1075 1405 superiore

60 1410 133 1475 loco
157 1430 174 1473 e
196 1411 360 1494 palaestra
383 1411 470 1495 apris
493 1411 710 1476 effunderetur
733 1412 821 1497 glas,
844 1411 968 1494 capreis
991 1411 1075 1475 vicia

23 1526 47 1568 rs
62 1501 120 1563 aut
142 1498 218 1584 quid
242 1499 331 1563 aliut
358 1498 431 1583 Ego
454 1521 541 1584 vero,
565 1499 671 1583 inquit
689 1500 752 1584 ille,
775 1499 859 1583 apud
879 1499 916 1575 Q.
934 1497 1104 1565 Horten-2

61 1586 145 1651 sium
174 1608 246 1651 cum
274 1587 308 1651 in
336 1607 414 1672 agro
443 1587 610 1652 Laurenti·
625 1609 744 1672 essem,
775 1587 822 1652 ibi
855 1587 940 1651 istuc
968 1588 1075 1672 magis

60 1681 230 1761 θρᾳκικῶς
252 1675 322 1739 fieri
344 1675 419 1740 vidi.
456 1697 529 1740 nam
555 1676 638 1740 silva
661 1679 741 1760 erat,
764 1679 801 1740 ut
818 1674 954 1759 dicebat,
977 1697 1076 1760 supra

61 1765 298 1848 quinquaginta
324 1764 472 1849 iugerum
500 1765 641 1829 maceria
669 1768 795 1847 saepta,
825 1762 910 1849 quod
937 1785 1003 1827 non
1031 1764 1075 1828 le·

61 1851 237 1936 paramum,
256 1851 310 1916 sed
328 1852 589 1936 therotrcphium
608 1852 802 1937 appellabat.
831 1852 878 1917 ibi
896 1855 967 1916 erat
984 1852 1075 1917 locus

25 1967 48 2010 n
63 1940 218 2019 excelsus,
239 1940 297 2005 ubi
318 1939 474 2005 tricilinio
497 1940 606 2025 posito
630 1941 839 2025 cenabamus,
862 1961 926 2025 quo
945 1939 1106 2023 Orphea3

62 2029 172 2094 vocari
200 2029 304 2094 iussit.
350 2029 404 2112 qui
427 2050 500 2093 cum
523 2049 561 2094 eo
588 2029 730 2093 venisset
758 2051 830 2095 cum
858 2029 945 2092 stola
974 2033 1005 2092 et
1032 2028 1076 2093 ci·

62 2117 159 2182 thara
188 2121 318 2183 cantare
347 2121 432 2181 esset
459 2117 580 2201 iussus,
610 2117 728 2182 bucina
756 2117 896 2201 inflavit,
923 2120 961 2180 ut
983 2118 1077 2181 tanta

63 2205 313 2270 circumfinxerit
349 2227 409 2271 nos
450 2227 617 2271 cervorum
650 2227 801 2290 aprorum
834 2209 867 2270 et
897 2209 1077 2272 ceterarum

64 2293 296 2377 quadripedum
320 2294 504 2379 multitude,
526 2299 563 2358 ut
585 2317 651 2359 non
674 2295 781 2359 minus
799 2293 979 2359 formosum
997 2293 1078 2358 mihi

25 2382 171 2452 revisum
200 2383 244 2446 sit
272 2383 505 2466 spectaculum,
536 2404 633 2467 qnam
660 2383 694 2446 in
718 2384 803 2447 circo
827 2383 968 2446 marimo
992 2382 1077 2446 aedi·

62 2471 144 2536 lium
168 2471 237 2534 sine
260 2468 424 2535 Africanis
449 2471 563 2534 bestiis
587 2492 659 2535 curn
682 2470 767 2534 fiunt
790 2470 988 2535 venationes.

153 2557 374 2643 Axius,'1¹uas
397 2561 516 2643 partes,
538 2558 657 2643 inquit,
686 2559 869 2623 sublevavit
892 2557 1033 2640 Appius,
1057 2572 1150 2632 ox1v

64 2646 189 2711 Merula
211 2650 329 2712 noster.
375 2646 461 2732 quod
480 2647 521 2711 ad
539 2648 746 2712 venationem
764 2646 914 2730 pertinet,
937 2646 1078 2710 breviter

157 2835 317 2908 ltinopw]
337 2837 465 2906 leporum
537 2835 677 2892 8habere
737 2842 771 2891 10
788 2836 904 2906 inquam
960 2842 993 2890 14
1011 2836 1079 2891 effu·

63 2908 178 2963 deretur
201 2909 272 2976 Pet,
300 2907 487 2962 effunderetur
514 2907 581 2961 libri
607 2924 693 2961 mauu
719 2909 816 2977 scripti
888 2908 979 2978 capris
1008 2906 1080 2961 uitia

65 2985 100 3034 16
119 2978 335 3049 magistragicos
382 2982 415 3032 19
434 2976 618 3047 appellabant
662 2984 697 3032 20
715 2979 784 3050 quo]
804 2979 879 3047 quod
924 2984 958 3033 22
977 2977 1080 3033 bucina

63 3050 206 3120 (bucinam
227 3048 296 3118 Pet,
315 3048 419 3103 bucina
437 3048 543 3119 apopr.)
593 3050 703 3104 tantam
754 3055 788 3104 27
808 3049 908 3119 appius
927 3047 1019 3118 (apins
1039 3048 1078 3117 V)

156 3249 170 3298 1
192 3246 220 3299 et
238 3245 342 3298 bonum
360 3243 458 3300 debuit
471 3243 657 3312 Zatlfeldtius
669 3249 772 3315 quaeat.
787 3244 847 3300 crit.
862 3244 895 3300 iu
911 3242 991 3298 Varr.
1005 3259 1032 3310 p.
1041 3247 1081 3298 26

66 3313 225 3385 ltdnopw
251 3315 397 3370 Iracundus
470 3319 545 3370 tet
571 3317 668 3372 dekcit
690 3315 871 3371 Scbneidcrus
942 3312 1081 3369 shaberi

70 3386 188 3441 Ursinus
239 3391 272 3440 14
291 3383 397 3455 capreis
416 3384 492 3440 nicia
510 3387 657 3442 quentas
703 3392 736 3441 19
755 3385 919 3456 appellabat
936 3385 1082 3440 Iracundus

65 3461 101 3511 22
119 3455 169 3512 ubi
187 3457 268 3512 tanta
287 3455 472 3511 circumfluxit
489 3456 635 3512 Iracundus
