2386 3742
254 122 383 176 RERVM
400 121 638 177 uvsrlcnnvn
655 121 722 176 LIB.
737 122 750 176 Ι
765 128 870 177 14-16
1027 121 1070 186 33

55 269 212 352 primum,
240 267 339 330 refert
361 266 480 331 infesta
503 267 594 351 regio
619 267 663 331 sit
684 289 794 332 necue.
840 267 960 333 multos
984 268 1072 331 enim

57 377 155 441 agros
184 357 331 440 egregios
359 357 463 420 colere
490 377 557 420 non
581 355 711 439 expedit
738 359 871 439 propter
899 356 1072 421 latrocinia

56 445 251 528 vicinorum,
278 448 314 508 ut
340 445 375 508 in
403 442 554 508 Sardinia
582 444 753 527 quosdam,
783 446 838 528 qui
867 450 942 509 sunt
970 466 1071 528 prope

56 532 227 617 †Oeliem,
246 534 330 597 etin
349 532 512 615 Hispania
528 553 630 616 prope
648 532 861 598 Lusitaniam.
893 555 974 619 quae
993 534 1071 598 vici-

29 622 173 686 anitatis
200 623 347 686 invectos
377 622 500 685 habeut
531 620 678 703 idoneos,
708 643 789 705 quae
819 623 866 685 ibi
893 626 1071 688 nascuntur

57 711 115 775 ubi
146 711 301 795 vendant,
334 715 367 773 et
398 709 488 773 illine
519 709 664 774 invectos
698 713 897 793 opportunos
925 733 1007 794 quae
1038 712 1071 774 in

56 799 158 863 fundo
187 820 268 882 opus
297 804 386 876 sunt,
413 802 547 881 propter
575 820 614 862 ea
641 799 818 863 fructuosa.
863 799 958 863 multi
985 799 1071 862 enim

56 888 191 970 habent,
205 889 239 951 in
253 887 392 970 praediis
408 887 523 971 quibus
537 885 736 951 frumentum
752 891 808 951 aut
822 887 931 951 vinum
945 887 1071 952 aliudve

58 976 136 1060 quid
155 976 248 1054 desit,
266 976 511 1060 inportandum3
531 981 644 1039 contra
661 997 729 1041 uon
747 978 852 1059 pauci,
875 977 992 1060 quibus
1013 976 1072 1039 ali-

18 1064 138 1149 mquid
162 1065 206 1134 sit
229 1064 472 1146 exportandum.
519 1065 629 1148 itaque
648 1065 708 1128 sub
733 1065 811 1128 urbe
834 1065 938 1129 colere
957 1065 1102 1130 hortos3

57 1155 124 1216 late
148 1152 286 1236 expedit,
310 1153 356 1216 sie
379 1152 516 1217 violaria
539 1174 576 1216 ae
598 1153 732 1234 rosaria,
760 1155 839 1217 item
862 1156 966 1217 multa
989 1174 1072 1237 quae

57 1264 137 1324 urps
165 1241 294 1324 recipit,
327 1263 401 1305 cum
430 1240 542 1304 eadem
569 1241 603 1305 in
630 1242 809 1326 longinquo
842 1243 987 1326 praedic,
1016 1242 1073 1306 ubi

58 1353 126 1395 non
149 1330 280 1414 sitque
300 1328 417 1393 deferri
436 1330 682 1414 possit-venale,
704 1352 771 1395 non
790 1331 940 1413 expediat
958 1332 1072 1395 colere.

59 1419 209 1502 [tertium
233 1420 296 1499 est]
319 1419 397 1482 item
422 1418 450 1482 si
473 1440 511 1483 ea
535 1419 652 1501 oppida
674 1423 731 1483 aut
748 1421 808 1484 oiec'
825 1421 860 1484 in
878 1419 997 1483 vicinia
1017 1423 1074 1482 aut

20 1526 45 1567 15
60 1507 161 1572 etiam
189 1507 326 1570 divitum
353 1507 477 1590 copiosi
505 1501 576 1591 agri
605 1529 643 1572 ac
671 1507 782 1591 villae,
805 1508 890 1572 unde
914 1530 977 1572 non
1001 1528 1073 1571 care

59 1617 166 1660 emere
189 1596 295 1678 possis
318 1616 501 1678 quaeopus
526 1596 659 1660 suntin
683 1595 827 1680 fundum,
850 1597 968 1679 quibus
992 1617 1073 1679 quae

60 1684 226 1768 supersint
249 1683 359 1748 venire
378 1684 515 1766 possint,
538 1689 575 1748 ut
592 1684 784 1767 quibusdam
802 1685 998 1768 pedamenta
1017 1688 1073 1749 aut

58 1773 204 1857 perticae¹
227 1776 284 1837 aut
305 1773 465 1850 harundo,
487 1772 683 1837 fructuosior
705 1773 745 1836 fit
766 1773 897 1857 fundus,
925 1796 1021 1858 quam
1045 1774 1072 1836 si

59 1864 158 1946 longe
182 1862 249 1925 sint
276 1862 485 1944 inportanda,
514 1882 578 1925 non
602 1883 757 1944 numqum
782 1862 895 1944 etiam,
923 1884 1020 1945 quam
1045 1863 1103 1925 sid

20 1949 198 2015 recolendo
222 1951 256 2013 in
279 1954 336 2013 tuo
361 1972 400 2014 ea
422 1971 538 2033 parare
556 1951 673 2033 possis.
709 1951 818 2033 itaque
837 1950 871 2013 in
889 1951 949 2015 hoe
968 1971 1072 2035 genus

59 2039 170 2105 coloni
192 2039 299 2123 potius
320 2039 558 2103 anniversarios
577 2038 699 2102 haberit
716 2039 851 2116 vicinos,
874 2039 991 2122 quibus
1013 2039 1071 2102 im·

59 2129 188 2210 perent,
214 2127 368 2210 medicos,
396 2126 547 2210 fullones,
569 2126 690 2210 fabros,
718 2149 814 2211 quam
838 2129 871 2190 iu
894 2127 973 2192 villa
996 2149 1091 2205 suos¹

58 2216 217 2298 habeant,
245 2237 383 2299 quorum
411 2237 477 2280 non
504 2237 679 2300 numquam
712 2217 805 2280 unius
829 2217 962 2280 artificis
985 2237 1072 2280 mors

58 2305 151 2370 tollit
174 2304 266 2367 fundi
288 2303 438 2368 fructum.
484 2326 581 2387 quam
604 2309 731 2386 partem
759 2305 818 2369 lati
841 2305 933 2369 fundi
957 2305 1072 2369 divites

21 2409 44 2477 2⁵
59 2393 255 2457 domesticae
284 2393 395 2475 copiae
423 2393 576 2457 mandare
606 2395 722 2457 solent.
767 2394 795 2457 si
820 2394 905 2457 euim
930 2416 949 2457 a
971 2394 1072 2458 fundo

57 2482 190 2565 longius
218 2482 338 2545 absunt
365 2481 484 2564 oppida
512 2486 568 2546 aut
597 2482 674 2564 vici,
696 2481 808 2546 fabros
836 2486 968 2564 parant,
991 2502 1072 2564 quos

57 2571 203 2635 habeant
230 2571 264 2632 in
293 2569 384 2652 villa,
408 2569 454 2634 sie
478 2574 601 2634 ceteros
629 2571 830 2635 necessarios
854 2571 1008 2653 artifices,
1032 2592 1072 2633 ne

59 2658 98 2722 de
121 2657 222 2722 fundo
245 2657 371 2722 familia
392 2659 433 2722 ab
453 2680 549 2743 opere
569 2658 712 2722 discedat
731 2680 768 2723 ac
786 2659 939 2741 profestis
959 2658 1072 2723 diebus

58 2748 204 2812 ambulet
231 2746 349 2810 feriata
375 2748 498 2829 potius,
529 2769 625 2831 quam
657 2769 753 2830 opere
781 2748 927 2811 faciendo
958 2753 1103 2831 agrum5

20 2850 45 2890 ³0
58 2835 310 2900 fructuosiorem
329 2835 452 2901 reddat.
489 2836 500 2898 i
517 2858 598 2919 aque
616 2835 689 2900 ideo
710 2834 867 2900 Sasernae
886 2837 969 2900 liber
981 2857 1072 2920 prae·

125 3032 129 3039 .
150 2998 166 3045 3
186 3007 273 3061 prope
296 2990 368 3045 oelie
478 2997 493 3045 6
516 2989 576 3044 illic
648 2994 799 3060 oportunoa
825 2994 1009 3062 (opportunos
1034 2991 1072 3060 V)

59 3061 206 3130 9aliquot
314 3067 348 3115 14
370 3062 426 3116 vici
453 3061 483 3116 in
509 3062 625 3134 vicinia]
653 3063 773 3117 uiciniae
887 3066 920 3117 15
945 3063 1073 3132 copiosae

58 3140 93 3188 23
112 3133 201 3204 mors]
220 3148 282 3186 mos
341 3136 375 3186 25
395 3133 548 3188 domestica
567 3137 648 3201 copia
666 3133 832 3204 (domestica
851 3133 948 3203 copiae
968 3138 1073 3202 opopr.)

150 3263 167 3311 6
185 3255 265 3311 illinc
285 3257 433 3311 lucrandae
450 3263 475 3311 et
493 3263 626 3312 corrector
644 3257 745 3312 codicis
760 3257 921 3312 Florentius*
992 3254 1074 3309 9ali·

58 3327 162 3398 quido
245 3332 279 3381 14
296 3326 413 3382 tertium
433 3328 477 3382 est
493 3329 589 3383 delenit
609 3329 757 3383 Iucundos
828 3327 938 3396 oppida
951 3334 1008 3377 aaa
1019 3324 1088 3375 u'xe'x

59 3397 217 3480 autetiam
240 3397 358 3454 Ursinus
444 3405 477 3455 15
497 3397 642 3471 copiosis
730 3405 770 3455 ‘tt
788 3416 871 3454 mors
886 3415 905 3452 u
991 3397 1034 3442 ‘aa
1053 3391 1107 3438 os-

54 3473 190 3524 manneae
208 3469 305 3536 copiae
324 3487 341 3523 n

97 3565 181 3623 miro
195 3575 249 3605 nna.
264 3577 334 3611 aver.
507 3560 510 3567 ⁴
952 3555 976 3600 ’ὅ
