2386 3742
112 122 176 187 138
520 120 708 178 VARRONIS

111 267 173 332 hoc
195 286 298 351 genus
313 267 454 331 maxime
468 269 517 332 est
531 267 640 332 colore
655 267 741 352 albo,
758 266 833 331 illut
847 268 985 332 alterum
1001 271 1122 353 agresta

112 357 181 420 sine
210 356 299 440 albo,
329 356 428 421 vario.
475 378 514 421 ex
544 356 585 421 iis
609 356 733 420 duabus
757 356 914 439 stirpibus
937 356 978 420 fit
1000 357 1122 421 miscel-

110 444 178 509 lum
207 445 340 509 tertium
368 465 470 530 genus
499 444 624 509 fruetus
653 466 764 528 causa,
791 448 888 527 atque
917 445 1122 510 inceduntin

112 534 219 598 locum
242 555 358 619 unum,
385 533 470 617 quod
498 533 555 597 alii
577 538 697 598 vocant
720 533 934 617 peristerona,
965 533 1024 598 alii
1047 534 1122 617 peri-

113 621 364 707 stcrotrophion‚
395 623 429 686 in
461 643 524 707 quo
557 644 623 687 uno
656 644 752 705 saepo
783 622 836 686 vel
868 623 1009 707 quinquo
1040 622 1151 686 miliar

81 713 189 778 3sunt
206 710 359 775 inclusae.
387 711 568 794 peristeron
587 711 625 774 fit
643 714 680 775 ut
697 711 828 775 testudo
848 730 977 794 magna,
998 732 1122 795 camara

112 802 226 883 tectus,
249 822 313 865 uno
338 799 423 864 ostio
448 803 598 884 angusto,
620 799 770 863 fenestris
791 800 960 882 punicanis
981 803 1040 864 aut
1057 799 1122 864 lati·

113 889 222 952 oribus
241 888 418 953 reticulatis
437 889 610 971 utrimque,
629 892 667 951 ut
685 887 775 952 locus
790 888 895 952 omnis
911 888 956 951 sit
969 887 1121 970 inlustris,

76 989 79 996 '
111 998 191 1040 nevo
215 999 297 1062 quac
321 998 452 1060 serpens
477 975 599 1041 aliutve
622 976 698 1061 quid
722 978 842 1041 animal
871 976 1055 1042 maleficum
1078 978 1121 1040 in-

111 1066 211 1130 troire
241 1069 346 1149 queat.
390 1066 584 1130 intrinsecus
614 1087 710 1148 quam
737 1066 903 1130 levissimo
927 1067 1120 1130 marmorato
1133 1086 1151 1125 ιο

114 1154 175 1218 toti
210 1155 350 1237 parietes
389 1176 426 1218 ao
463 1175 610 1219 camarae
642 1153 831 1218 oblinuntur
862 1159 896 1218 ct
929 1155 1122 1219 extrinsecus

57 1270 71 1305 a
113 1243 234 1306 circum
257 1242 425 1324 fenestras,
449 1265 489 1307 nc
513 1265 585 1306 mus
610 1247 666 1306 aut
689 1243 812 1307 lacerta
831 1265 896 1326 qua
914 1243 1069 1328 adrepcre
1087 1241 1122 1306 ad

80 1330 313 1397 doolumbaria
335 1332 449 1414 possit.
489 1331 572 1395 nihil
595 1331 681 1394 enim
704 1331 850 1395 timidius
868 1332 1029 1398 columba.
1064 1332 1122 1395 sin·

113 1419 196 1504 gulis
231 1420 365 1504 paribus
398 1420 598 1484 columbaria
629 1419 713 1483 fiunt
744 1420 885 1484 rutunda
917 1420 952 1484 in
984 1421 1123 1484 ordinem

113 1509 239 1593 crebra,
267 1509 394 1573 ordines
423 1530 520 1592 quarn
548 1509 680 1592 plurimi
707 1512 845 1592 possunt
868 1530 887 1572 a
910 1511 999 1573 terra
1028 1528 1125 1593 usque
1135 1525 1154 1566 15

113 1597 154 1661 ad
177 1619 348 1672 camaram.
394 1598 592 1663 columbaria
619 1597 747 1680 singula
774 1618 844 1661 esse
872 1601 1002 1679 oportet
1033 1602 1125 1662 utos

113 1686 244 1768 habeat,
272 1707 335 1770 quo
366 1686 462 1750 modo
485 1686 621 1750 introire
645 1686 785 1750 etenira
808 1685 925 1770 possit,
954 1687 1044 1750 intus
1067 1689 1125 1750 ter·

113 1796 230 1838 narum
257 1775 440 1858 palmarum
468 1795 507 1837 ex
537 1775 688 1838 omnibus
711 1775 869 1857 partibus.
916 1775 977 1840 sub
1001 1775 1126 1838 ordines

114 1863 260 1948 singulos
284 1863 415 1928 tabulae
438 1863 533 1926 fictae
558 1868 593 1926 ut
617 1863 683 1926 sint
706 1863 879 1945 bipalmos,
909 1885 971 1946 quo
997 1866 1127 1928 utantur

11 2015 13 2018 .
82 1953 340 2019 tvcstibulo-ac
367 1952 533 2035 prodeant.
580 1972 699 2035 aquam
729 1973 799 2015 essa
823 1954 953 2034 oportet
976 1973 1059 2035 quae
1082 1952 1126 2016 in·
1137 1971 1157 2010 a

113 2041 203 2122 fluat,
226 2041 310 2105 unde
334 2044 367 2104 et
386 2041 496 2105 bibere
515 2043 548 2104 et
565 2040 623 2103 ubi
641 2039 746 2104 lavari
764 2041 902 2122 possint.
929 2041 1127 2122 permundae

114 2132 201 2194 enim
225 2134 302 2194 sunt
323 2129 385 2192 hae
407 2130 564 2193 volucres.
591 2129 700 2211 itaque
723 2132 888 2212 pastorem
908 2129 1128 2194 columbarum

114 2220 275 2303 quotquot
297 2217 465 2281 mensibus
488 2218 602 2282 crebro
625 2221 755 2300 oportet
778 2239 937 2282 everrere:
972 2221 1023 2282 est
1045 2218 1129 2283 enim

115 2307 200 2389 quod
219 2327 293 2369 eum
311 2306 463 2389 inquinat
480 2306 588 2370 locum
608 2305 792 2388 adpositum
812 2305 851 2369 ad
871 2307 943 2389 agri
962 2308 1132 2388 culturam,

114 2396 162 2458 ita
188 2398 225 2457 ut
252 2393 315 2459 hoc
344 2395 502 2477 optimum
530 2416 600 2459 csso
633 2394 823 2478 scripserint
855 2394 964 2479 aliqui.
1021 2395 1129 2479 siquae
1141 2411 1162 2454 a

115 2483 264 2548 columba
287 2483 364 2568 quid
388 2483 565 2565 offenderit,
589 2486 625 2546 ut
647 2483 829 2566 medeatur3
858 2483 968 2567 siquae
989 2484 1131 2567 perierit,

115 2577 151 2636 ut
180 2573 343 2656 efferatum
381 2572 466 2656 siqui
492 2571 574 2655 pulli
601 2571 708 2636 idonci
737 2575 812 2635 sunt
844 2572 885 2636 ad
917 2571 1130 2654 vendendum,

83 2666 254 2743 6promat.
280 2661 378 2725 item
403 2682 485 2745 quac
507 2660 593 2724 fetae
617 2663 708 2745 sunt,
731 2659 791 2740 [in]
817 2664 941 2725 certum
964 2662 1074 2725 locum
1096 2664 1132 2724 ut

116 2749 292 2814 disclusum
320 2751 361 2815 ab
390 2751 463 2814 aliis
490 2752 559 2813 reto
586 2749 720 2833 habeat,
749 2770 813 2833 quo
842 2749 1131 2830 transferantur‚e

206 2946 237 2994 11
259 2956 386 2995 camarae
410 2941 447 3009 V,
466 2956 593 2995 camerac
612 2956 705 3009 opopr.
751 2946 783 2994 16
802 2955 943 2995 cameram
984 2946 1020 2994 20
1038 2943 1131 2996 uastu-

116 3012 182 3066 bulo
238 3028 292 3081 quo
312 3011 411 3065 influat
465 3018 499 3066 23
518 3012 593 3080 quod
612 3010 687 3079 quod
742 3016 777 3064 24
796 3011 959 3081 oppositum
1011 3016 1046 3065 25
1067 3012 1132 3066 scri·

115 3085 232 3152 pserunt
250 3083 366 3150 aliquod
384 3082 443 3137 siue
461 3099 534 3150 quac
580 3087 613 3136 26
633 3081 713 3152 siqua
730 3081 845 3152 perierit
894 3087 928 3136 29
947 3082 1133 3138 transferatur

201 3266 235 3314 20
254 3276 326 3330 quac
352 3259 452 3315 influat
470 3260 618 3314 Iucundos
689 3264 724 3312 24
742 3258 939 3328 appositumo
1013 3263 1047 3312 25
1068 3259 1133 3314 seri-

111 3329 225 3398 pscrint
251 3330 341 3401 aliqui
367 3349 384 3387 o
465 3330 490 3384 si
513 3346 585 3398 quac
613 3331 743 3385 columba
769 3329 897 3385 Reiterus
920 3335 1022 3400 quaest.
1050 3329 1132 3387 Varr.

86 3409 311 3534 dmum&
418 3408 451 3459 28
483 3401 515 3459 in
546 3403 644 3459 deleuit
676 3401 796 3471 Scultqcr
886 3407 920 3458 29
954 3418 1010 3468 quo
1041 3403 1133 3456 trans-
