2386 3742
127 121 167 176 iv
447 97 449 101 ’
521 123 726 178 canusino

129 267 302 332 emendata
324 268 357 333 in
381 268 557 333 editionem
584 269 693 353 recepi
720 291 793 334 eum
820 271 1006 336 nominibus
1034 293 1145 336 eorum

87 388 89 399 1
129 356 247 440 quibus
271 357 455 422 emendatio
481 359 615 422 debetur
639 358 762 442 scripsi.
815 381 901 425 nunc
925 361 1018 424 etde
1042 362 1144 442 libris,

128 446 245 528 quibus
283 447 322 510 ad
356 447 550 530 scripturam
583 447 752 531 archetypi
779 450 1033 533 recuperandam
1065 472 1143 513 usus

129 555 216 617 sum,
249 539 283 598 et
310 535 349 600 de
377 536 656 600 emendationibus
688 558 768 619 quas
797 538 904 622 recepi
936 560 973 601 ea
997 561 1080 622 quae
1103 539 1144 602 ad

77 671 81 680 .
127 645 222 687 usum
241 624 419 709 legentium
440 647 519 708 opus
540 647 611 688 esse
630 626 700 688 visa
720 629 796 689 sunt
815 626 958 690 breviter
976 649 1144 710 exponam.

126 733 204 776 nam
233 712 271 776 de
299 713 461 797 plerisque
490 735 572 798 quae
600 713 663 779 hue
691 715 855 796 pertinent
885 716 918 778 in
943 716 1145 798 praefatione

126 800 246 885 prioris
271 802 421 867 editionis
446 803 626 867 accuratius
650 803 772 866 dictum
797 807 855 869 est.

217 891 395 974 Archetypi
432 891 534 976 igitur
567 892 729 975 scriptura
761 893 881 974 partim
914 914 953 956 ex
986 893 1026 956 iis
1060 915 1143 976 quae

127 978 311 1045 Politianus
347 985 380 1044 et
407 978 572 1045 Victorius
606 1002 645 1044 ex
680 981 752 1063 ipso
787 981 870 1044 libro
904 981 1145 1045 adnotaverunt

126 1069 178 1132 rel
202 1072 402 1153 receperunt,
432 1069 613 1152 pertimeri
638 1069 837 1154 apographis
868 1091 949 1153 quae
978 1091 1063 1134 nunc
1095 1093 1144 1133 su·

126 1161 264 1240 persunt
287 1157 426 1240 petenda
449 1158 520 1222 fuit.

216 1245 406 1311 Politiani
435 1250 619 1329 excerpta
647 1246 802 1330 leguntur
827 1247 861 1309 in
885 1247 1033 1329 exemplo
1058 1248 1145 1330 prin-

126 1334 207 1418 cipis
227 1335 378 1400 editionis
397 1335 594 1419 scriptorum
613 1334 659 1399 rei
678 1335 820 1399 rusticae
840 1358 868 1401 a.
891 1336 975 1400 1472
996 1335 1144 1400 Venetiis

127 1424 212 1506 apud
238 1423 417 1489 Nicolaum
444 1423 621 1488 Iensonum
650 1424 842 1507 impressae,
874 1425 960 1508 quod
993 1446 1079 1488 nunc
1109 1426 1145 1487 in

124 1512 257 1596 publice
293 1512 494 1578 bibliotheca
526 1511 675 1576 Parisino
708 1519 863 1576 servatur.
918 1514 953 1576 in
985 1535 1022 1576 eo
1057 1513 1143 1577 enim

126 1622 226 1665 manu
254 1601 411 1666 Politiani
439 1624 467 1667 a.
497 1602 582 1666 1482
611 1602 790 1684 scripturae
818 1601 951 1684 codicis,
980 1602 1034 1684 qui
1063 1605 1144 1666 tuno

127 1687 313 1754 Florentiae
336 1691 371 1755 in
394 1690 594 1755 bibliotheca
617 1687 648 1754 S.
669 1689 772 1754 Marci
795 1695 874 1770 erat,
899 1691 954 1754 ita
970 1691 1143 1754 adnotatae
1171 1726 1174 1731 ·

128 1785 218 1863 sunt,
241 1783 291 1863 ut,
314 1778 471 1863 quidquid
494 1778 590 1842 aliter
613 1780 646 1842 in
669 1801 767 1842 manu
791 1780 913 1862 scripto
937 1780 1021 1842 libro
1046 1784 1144 1862 atque

126 1867 159 1931 in
198 1869 283 1933 edito
318 1869 465 1952 exemplo
498 1869 674 1953 legeretur,
709 1869 759 1932 vel
792 1869 825 1931 in
859 1868 1059 1953 marginibus
1093 1869 1146 1932 vel

126 1955 212 2021 inter
235 1979 348 2022 versus
373 1957 524 2022 editionis
549 1956 795 2021 adscriberetur.

216 2046 433 2128 Victorius,
461 2046 516 2130 qui
544 2047 613 2128 ipse
642 2067 768 2128 quoque
798 2044 940 2109 codicem
964 2049 1044 2126 tum,
1069 2066 1144 2108 cum

126 2134 161 2198 in
190 2133 356 2200 Marciana
388 2134 587 2199 bibliotheca
622 2136 701 2212 erat,
732 2133 911 2217 usurpavit,
944 2132 1078 2198 Catonis
1110 2138 1144 2198 et

126 2221 286 2288 Varronis
310 2224 412 2287 libros
433 2222 471 2286 de
489 2245 524 2286 re
543 2221 664 2286 rustica
683 2243 749 2285 una
768 2243 840 2286 cum
860 2220 1143 2304 ‘explicationibus

128 2334 258 2376 suarum
287 2313 321 2376 in
345 2310 517 2394 (latonam,
546 2311 740 2392 Varronem,
770 2309 1145 2396 Columellam'castiga-

127 2399 265 2465 tionum'
285 2400 417 2467 a1541
438 2399 587 2485 Lugduni
606 2399 692 2482 apud
712 2397 939 2463 Sebastianum
960 2399 1144 2482 Gryphium

127 2489 236 2554 edidit.
265 2491 293 2554 is
313 2493 422 2554 autem
441 2511 505 2554 non
525 2490 632 2553 solum
651 2486 785 2552 Catonis
805 2494 837 2551 et
854 2487 1010 2552 Varronis
1031 2488 1144 2571 libros,

128 2579 184 2662 qui
210 2578 245 2642 in
274 2578 515 2662 antiquioribus
543 2577 739 2641 editionibus
767 2577 975 2640 vehementer
998 2579 1145 2660 corrupti

127 2667 328 2751 ferebantur,
360 2668 484 2750 primus
514 2688 553 2731 ex
580 2670 689 2730 vetere
717 2665 825 2729 codice
854 2665 1054 2747 emendavit,
1087 2667 1144 2730 sed

128 2757 228 2821 etiam
256 2757 289 2821 in
319 2756 588 2840 explicationibus
617 2755 772 2819 lectiones
801 2777 899 2818 manu
930 2755 1043 2838 scripti
1068 2755 1145 2819 libri

128 2867 224 2929 saepe
252 2845 421 2928 indicavit,
456 2844 622 2909 nonnullis
656 2843 736 2908 locis
770 2843 866 2906 etiam
896 2848 1007 2907 notam
1036 2844 1145 2907 mendi

127 2934 162 2998 in
181 2939 288 2999 vetere
308 2934 417 3000 codice
436 2933 618 3017 adpositam
639 2954 708 2997 esse
729 2932 905 3008 adnotavit.
936 2932 991 2995 sed
1015 2938 1147 3014 praeter

128 3045 167 3088 ea
190 3046 270 3108 quae
298 3024 332 3086 in
355 3022 620 3088 adnotationibus
640 3020 779 3085 Victorii
803 3043 820 3084 e
843 3021 951 3085 codice
981 3020 1146 3103 adscripta

128 3116 206 3177 sunt
238 3113 337 3176 ctiam
369 3114 442 3196 ipsa
475 3111 572 3176 editio
606 3111 693 3174 haud
726 3110 994 3174 contemnendum
1026 3111 1146 3175 veteris

130 3203 309 3285 scripturae
341 3201 567 3264 testimonium
595 3199 739 3284 praebet.
783 3220 860 3261 nam
887 3199 1080 3281 ubicumque
1111 3201 1146 3263 in

129 3311 202 3355 eam
233 3311 338 3356 novae
368 3290 525 3354 lectiones
553 3293 700 3372 receptae
733 3292 824 3366 sunt,
861 3310 943 3371 quae
974 3309 1078 3371 neque
1110 3289 1147 3354 in

116 3379 367 3460 exemplaribus
404 3383 504 3443 antea
533 3378 629 3442 editis
661 3377 823 3440 habentur
859 3397 963 3460 neque
998 3399 1053 3439 eas
1087 3400 1147 3442 sua

97 3464 298 3530 coniectura
322 3469 486 3536 inventas
509 3490 584 3535 esse
602 3467 709 3534 editor
729 3465 912 3546 adnotauit,
923 3466 991 3526 has
1006 3486 1025 3525 e
1041 3466 1149 3530 codice
