2386 3742
102 132 126 197 ,6
251 130 438 187 VARRONIS
456 129 587 186 RERVM
604 129 842 186 nvsnonnvn
860 129 926 186 LIB.
947 130 960 183 Ι

104 277 153 342 ΒΘ
176 242 336 342 fruciibus
360 276 497 340 maioris
521 275 684 360 capiendis

104 366 154 431 De
177 365 403 430 faenisicioi
370 387 386 429 e
426 364 599 430 siciliiione
621 369 791 449 protorum

104 453 154 518 De
177 475 283 518 messe
312 457 345 518 et
368 475 466 519 causa
488 453 584 517 huius
607 453 771 537 vocabuli,
800 461 898 536 quare
921 455 1037 520 messis
1062 477 1119 539 ep·

193 543 317 626 pellata
298 542 385 608 usit
409 563 547 626 quareve
569 541 683 625 paleae
708 541 850 626 appelles
850 563 888 607 ae
911 544 977 607 sini

104 629 225 696 Aream
249 631 376 715 qualem
400 652 471 696 esse
494 634 645 715 oporteat
1145 649 1157 690 Θ

103 719 143 785 In
166 741 278 785 semen
301 741 397 803 quem
421 718 461 784 ed
485 719 617 784 modum
640 719 746 802 spicas
770 718 892 784 secerni
916 725 1066 805 oporteat

104 808 238 873 Tritura
261 830 357 892 quern
381 807 421 872 ud
446 808 579 873 modum
602 809 673 873 fieri
696 811 846 892 oporicen

103 895 209 961 Dec
177 896 299 981 scipula

104 984 154 1049 ΒΘ
177 984 341 1051 vindemie
363 984 512 1050 facienda

98 1073 154 1139 ΒΘ
177 1075 249 1139 οΙΘΘ
271 1072 410 1159 legenda

104 1161 154 1226 De
176 1162 273 1227 faeno
297 1160 462 1227 condendo

105 1249 155 1316 De
177 1251 288 1319 iriiico
312 1249 475 1315 condendo

102 1338 153 1403 De
175 1339 253 1404 faba
275 1342 309 1404 et
331 1338 549 1424 leguminibus
573 1338 746 1404 condendis

104 1427 154 1492 De
178 1428 250 1492 uvis
273 1427 448 1492 condendis

102 1515 152 1580 De
175 1515 281 1600 pomis
305 1516 480 1581 condendis

102 1604 153 1669 ΒΘ
176 1605 249 1669 olea
271 1604 435 1670 condenda

103 1691 154 1758 De
178 1714 309 1758 amurca
332 1693 499 1759 condenda

29 1774 35 1785 ’
103 1781 153 1846 ΒΘ
175 1782 361 1865 promendis
386 1781 533 1867 frugibus
556 1781 668 1847 tuendi
691 1804 790 1848 cause
925 1786 927 1791 ’

105 1869 208 1945 Quem
231 1869 272 1934 ad
295 1869 427 1935 modum
449 1871 659 1936 frumentum·
670 1872 882 1956 promendum
905 1872 950 1937 sii

103 1957 154 2023 ΒΘ
179 1980 311 2024 amurca
333 1960 454 2024 tuenda
478 1963 511 2024 et
533 1959 711 2044 promenda

104 2046 153 2111 ΒΘ
176 2047 251 2112 vino
274 2049 453 2131 promendo

103 2134 153 2200 ΒΘ
177 2136 249 2204 olea
271 2138 448 2219 promenda

103 2224 154 2289 ΒΘ
177 2245 259 2288 nuce
282 2228 315 2288 ei
338 2226 481 2311 palmula
505 2227 538 2288 ei
560 2224 621 2291 fico
644 2224 822 2309 promendo

103 2311 153 2376 De
177 2314 247 2377 uvis
272 2317 305 2378 et
327 2314 422 2379 melis
446 2318 479 2379 ei
503 2312 608 2378 sorbis
631 2313 811 2398 pensilibus
834 2315 1037 2398 promendis·

103 2399 154 2466 De
175 2400 262 2467 ferre
285 2404 462 2486 promendo
487 2404 544 2466 aut
567 2401 607 2466 ad
630 2402 773 2468 cibatum
800 2407 857 2468 aut
887 2403 927 2470 ad
956 2403 1119 2471 sationem
1132 2419 1158 2462 ¹⁶

194 2494 250 2554 aut
274 2489 315 2555 ad
338 2490 544 2557 vendundum
662 2555 665 2561 ,
748 2518 751 2524 ·

192 2671 227 2719 24
246 2666 335 2722 soruis
