2384 3736
270 130 401 184 RERVM
419 127 657 185 RVSTICARVM
675 128 745 187 LIB.
760 128 828 183 1119
993 127 1057 191 145

41 274 139 358 ditae,
163 296 261 359 quam
284 273 318 337 in
342 275 508 339 nutricatu
532 277 713 358 occupatae.
753 273 905 339 incubare
929 276 1110 357 oportct16

40 363 186 449 incipere
206 363 380 428 secundum
399 385 517 428 novam
538 364 658 448 lunam,
683 363 767 447 quod
786 363 853 427 fere
872 384 954 447 quae
973 365 1058 445 ante,

40 453 198 536 pleraque
221 474 288 516 non
311 452 495 517 succedunt.
532 451 645 515 diebus
667 451 734 516 fere
752 452 871 535 viginti
891 451 1059 515 excudunt.

42 541 82 606 de
106 541 224 624 quibus
247 540 400 605 villaticis
425 540 579 624 quoniam
601 541 654 604 vel
675 539 813 604 nimium
832 540 964 622 dictum,
986 540 1059 604 bre-

10 629 147 696 ²rvitate
169 629 296 714 reliqua
319 630 535 713 conpensabo.

134 716 283 782 Gallinae
319 719 459 783 rusticae
497 720 572 781 sunt
603 718 637 780 in
668 718 748 780 urbe
779 724 871 780 rarae
902 739 960 781 nec
992 715 1060 780 fere

42 805 108 871 nisi
144 810 331 871 mansuetae
368 806 402 869 in
440 827 538 871 cavea
574 806 725 870 videntur
760 804 899 888 Romae,
936 805 1059 869 similes

43 893 129 960 facie
151 915 217 959 non
239 895 291 958 his
316 894 447 979 gallinis
473 894 625 959 villaticis
650 895 785 978 nostris,
809 893 866 957 sed
885 892 1059 958 Africanis.

46 985 180 1067 aspectu
210 1005 247 1048 ac
270 983 350 1048 facie
373 983 649 1047 incontaminatae
672 983 706 1045 in
730 981 898 1047 ornatibus
922 982 1113 1066 publicis17
1179 1001 1184 1005 ’

10 1072 154 1137 nsolent
175 1072 254 1155 poni
277 1093 349 1136 cum
372 1071 521 1156 psittacis
547 1093 584 1136 ac
607 1071 741 1135 merulis
766 1071 858 1150 albia,
884 1071 963 1135 item
987 1070 1061 1135 aliis

46 1159 79 1225 id
112 1180 214 1244 genus
248 1160 344 1224 rebus
374 1159 550 1224 inusitatis.
594 1181 699 1243 neque
726 1159 793 1224 fere
821 1160 855 1223 in
883 1160 970 1224 villis
999 1181 1062 1224 ova

10 1290 17 1315 -.
46 1271 84 1314 ac
107 1249 216 1333 pullos
239 1247 372 1330 faciunt,
396 1247 505 1312 sedin
525 1248 624 1312 silvis.
662 1250 703 1314 ab
722 1249 774 1312 his
795 1247 925 1334 gallinis
945 1248 1062 1312 dicitur

10 1350 15 1383 ³
47 1336 155 1401 insula
183 1335 362 1401 Gallinaria
391 1335 570 1420 appellata,
603 1359 685 1420 quae
713 1340 763 1401 cst
789 1337 934 1401 inmari
957 1337 1062 1401 Tusco

47 1424 222 1491 secundum
240 1426 371 1489 Italiam
390 1428 504 1489 contra
524 1429 651 1490 montes
670 1424 837 1509 Liguscos,
859 1424 1062 1508 intimilium,

10 1506 171 1581 *Album
202 1512 401 1598 Ingaunum:
439 1513 495 1577 alii
528 1514 569 1577 ab
601 1513 653 1578 his
685 1513 840 1578 villaticis
872 1511 1010 1576 invectis
1044 1535 1063 1576 a
1171 1506 1174 1511 ⁴

10 1594 17 1657 ῗ
47 1602 171 1686 nautis,
197 1601 245 1665 ibi
272 1601 349 1666 feris
373 1601 467 1666 factis
491 1602 676 1685 procreatis.
722 1601 864 1686 gallinae
888 1600 1114 1670 Africanae18

10 1736 13 1747 ·
46 1695 124 1756 sunt
147 1690 300 1775 grandes,
328 1691 450 1774 variae,
473 1690 641 1774 gibberae,
665 1712 745 1775 quas
769 1689 984 1773 meleagridas
1008 1713 1062 1774 ap-

44 1780 174 1864 pellant
197 1779 321 1844 Graeci.
366 1779 446 1843 haec
467 1779 663 1843 novissimae
686 1779 722 1842 in
744 1778 922 1843 triclinium
946 1800 1063 1842 cenan-

10 1900 15 1933 :
43 1869 130 1935 tium
152 1868 347 1932 introierunt
370 1888 386 1930 e
411 1867 518 1932 culina
541 1872 675 1951 propter
697 1867 866 1931 fastidium
885 1867 1061 1931 hominum.

10 1942 190 2024 l’veneunt
207 1961 340 2040 propter
358 1955 528 2039 penuriam
547 1976 676 2038 magno.
708 1956 869 2020 detritus
889 1955 1061 2039 generibus
1075 1970 1115 2026 19

10 2050 12 2055 '
40 2045 192 2133 gallinae
222 2045 415 2128 saginantur
438 2044 578 2109 maxime
601 2044 772 2109 villaticae.
818 2066 872 2108 eas
896 2043 1065 2107 includunt

39 2133 78 2201 in
103 2133 212 2198 locum
235 2133 381 2216 tepidum
404 2136 437 2196 et
460 2135 635 2217 angustum
659 2137 691 2197 et
708 2132 953 2214 tenebricosum,
979 2132 1064 2216 quod

39 2225 158 2290 motus
186 2243 296 2285 earum
324 2226 358 2285 et
383 2221 440 2285 lux
466 2221 703 2306 pinguitudinis
731 2222 888 2306 vindicta,
918 2222 959 2286 ad
982 2221 1066 2285 hano

38 2332 117 2378 rem
141 2309 425 2374 electis'maximis
450 2310 595 2394 gallinis,
623 2333 682 2374 nec
706 2311 858 2375 continuo
888 2310 955 2393 his,
986 2332 1065 2394 quas

10 2408 26 2453 ὓ
39 2398 185 2466 Melicas
200 2398 367 2482 appellant
380 2396 476 2482 falso,
495 2399 580 2482 quod
594 2399 729 2483 antiqui,
743 2402 781 2462 ut
794 2399 924 2462 Thetim
938 2398 1066 2462 Thelim

41 2487 213 2572 dicebant,
236 2487 281 2551 sic
304 2485 464 2551 Medicam
487 2486 638 2552 Melicam
660 2488 830 2552 vocabant.
875 2486 937 2549 hae
959 2486 1066 2569 primo

42 2576 256 2659 dicebantur,
294 2597 375 2659 quae
412 2597 451 2638 ex
483 2574 609 2640 Medica
641 2579 774 2660 propter
806 2574 1065 2658 magnitudinem

43 2668 146 2732 erant
164 2664 292 2728 adlatae
311 2685 456 2748 quaeque
476 2664 574 2728 exiis
594 2667 777 2749 generatae,
800 2667 913 2746 postea
931 2667 1065 2747 propter
1079 2680 1120 2736 20

46 2753 298 2821 similitudinem
322 2752 447 2835 amplae
472 2774 592 2817 omnes.
640 2755 692 2832 [ex
715 2753 769 2833 iis]
799 2751 919 2816 evulsis
944 2753 1067 2817 exalia

141 2914 158 2962 6
175 2923 228 2962 nee
245 2906 305 2962 tere
323 2911 488 2963 mansuetae
511 2908 568 2963 sint
587 2908 657 2977 (sine
680 2909 720 2980 V)
740 2925 827 2964 cauea
899 2915 915 2965 8
933 2909 991 2980 his]
1018 2909 1065 2963 hic

46 2985 84 3034 14
113 2976 289 3032 intiminium
370 2985 402 3035 17
431 2979 574 3050 gibberiae
651 2985 684 3035 18
713 2980 884 3052 cenantium]
916 2979 1068 3049 genapium

46 3055 84 3105 25
109 3050 213 3105 thetim
240 3049 340 3104 thelim
364 3051 466 3120 (thetin
488 3049 580 3104 thelin
604 3051 679 3120 Pol,
710 3050 812 3106 thetim
835 3051 936 3105 thelim
961 3052 1068 3120 opopa)

48 3127 84 3176 Ἡ
106 3121 191 3192 quae]
211 3138 266 3189 qua
344 3125 379 3175 28
399 3138 432 3176 ex
450 3120 485 3176 iis
505 3124 550 3191 (ex
568 3122 612 3177 his
631 3128 746 3193 utroque
765 3125 821 3178 loco
845 3122 913 3177 Vct
931 3123 1068 3177 nonnulla

49 3193 224 3263 apographo)
297 3197 332 3246 29
351 3193 459 3262 amplas

143 3339 159 3389 8
183 3333 227 3388 his
253 3333 367 3404 gallinis
389 3351 405 3389 o
489 3341 523 3391 14
549 3333 719 3393 Intimilium
740 3332 1091 3394 neocaesaream.

58 3404 85 3458 V
98 3408 120 3460 a
129 3421 161 3472 p.
176 3409 235 3458 900
303 3409 340 3458 17
354 3406 474 3476 gibbere
493 3410 552 3468 cod.
576 3411 648 3470 Por.
725 3416 760 3470 ‘tl
784 3425 863 3482 quae
883 3423 923 3462 er
937 3401 1064 3460 medaea
1078 3411 1113 3449 aa

45 3479 80 3524 29
95 3471 208 3538 amplae
229 3471 350 3531 Maccus

86 3566 169 3605 Varro
182 3577 236 3607 arr.
250 3580 320 3615 avar.
930 3575 972 3624 m
