2386 3742
141 129 205 194 126
552 129 737 187 VARRONIS

139 278 172 340 el
196 297 235 340 ea
259 280 292 341 et
315 276 449 361 urbana,
473 278 506 340 el
528 279 694 361 rogasset,
722 275 799 361 quid
823 297 863 340 ex
885 275 926 341 iis
950 276 1051 343 rebus
1075 276 1154 343 eolli-

138 368 240 449 gerel,
265 363 372 440 Quid?
405 365 524 449 inquil,
547 366 576 429 si
598 368 732 449 propter
755 365 922 449 paslienes
941 369 1022 432 luus
1041 365 1152 432 fundus

136 453 171 518 in
194 452 296 517 Rosia
318 453 503 537 probandus
526 453 581 536 sii,
604 456 637 517 et
659 454 745 537 quod
767 453 814 519 ibi
836 454 981 540 pascitur
1002 477 1102 540 pecus
1119 475 1150 520 ae

137 541 340 624 stabulalur,
363 546 450 607 recle
472 543 553 607 villa
576 542 771 625 appellatur,
799 543 880 609 haee
903 564 1037 628 quoque
1060 542 1149 610 simili

34 639 36 645 '
136 629 176 694 de
200 651 298 696 eausa
321 630 418 696 debel
441 631 550 696 vocari
572 631 660 715 villa,
688 633 810 716 inqua
833 636 968 716 propter
990 633 1174 716 pastioness

82 717 258 788 llfruclus
293 720 465 803 capiuntur
497 721 617 804 magni.
670 719 747 804 quid
779 718 865 785 enim
897 719 1015 805 referi,
1047 725 1146 787 uirum

63 858 66 863 .
133 811 267 892 propler
294 830 384 891 oves,
413 830 456 872 an
482 812 617 893 propler
645 831 721 874 aves
748 808 874 874 fruetus
897 809 1037 894 capias?
1074 828 1145 875 anne

134 897 259 962 dulcior
286 901 337 962 esi
363 897 489 963 fruetus
518 898 604 981 apud
631 900 664 961 le
693 920 733 963 ex
759 898 882 963 bubulo
910 919 1044 982 pecore,
1073 897 1144 964 unde

135 1007 213 1070 apes
236 989 427 1069 naseuntur,
451 1008 548 1069 quam
572 1008 611 1050 ex
634 986 767 1070 apibus,
794 1008 876 1070 quae
899 987 941 1051 ad
964 988 1080 1053 villam
1099 983 1143 1051 Sei

134 1077 169 1139 in
193 1075 324 1140 alvariis
348 1097 429 1159 opus
452 1074 598 1140 faciunt?
622 1078 656 1139 el
677 1097 756 1140 num
779 1075 882 1159 pluris
900 1079 938 1141 lu
958 1077 1068 1158 [villa]
1085 1074 1189 1140 illieuz

134 1166 231 1227 natos
254 1184 361 1228 verres
385 1163 472 1228 lanio
494 1164 616 1248 vendis,
639 1186 736 1248 quam
755 1158 948 1248 hindapros
967 1163 1143 1230 macellaria

83 1261 123 1321 12
135 1249 250 1316 Seius?
275 1250 338 1327 Qui
355 1253 464 1317 minus
483 1272 553 1336 ego,
577 1253 685 1336 inquil
703 1252 817 1337 Axius,
840 1253 921 1318 isias
940 1253 1064 1319 habere
1081 1273 1144 1339 pos·

135 1362 206 1404 sum
234 1341 270 1404 in
293 1340 434 1406 Reatina
465 1341 570 1406 villa?
606 1342 671 1405 nisi
699 1341 727 1406 si
756 1342 843 1425 apud
871 1340 981 1406 Seium
1010 1341 1143 1409 Siculum

133 1429 172 1494 fit
194 1429 267 1513 mel,
290 1428 458 1495 Corsicam
480 1430 515 1493 in
538 1429 692 1512 Reatin03
721 1435 755 1494 el
777 1430 831 1496 hie
853 1452 971 1514 aprum
990 1433 1143 1517 glaucum

133 1519 238 1603 parcit
266 1519 433 1602 ampliora,
460 1519 541 1583 facil
562 1518 732 1603 pinguem,
761 1519 827 1585 illie
855 1521 1003 1604 gratuita
1027 1519 1166 1584 exilemss

134 1609 275 1692 Appius,
301 1606 402 1673 Posse
430 1608 471 1672 ad
498 1611 531 1672 ie
559 1608 643 1688 fieri,
674 1608 794 1692 inquil,
823 1606 957 1673 Seianas
985 1608 1143 1692 pastiones

83 1707 201 1765 13n0n
234 1697 368 1781 negavit
393 1696 533 1780 Merula3
573 1716 635 1780 ego
667 1717 736 1760 non
770 1718 841 1762 essa
868 1698 938 1780 ipse
966 1697 1044 1763 vidi.
1088 1696 1143 1761 duo

134 1786 222 1849 enim
250 1804 370 1870 genera
397 1807 469 1850 eum
497 1787 563 1851 sini
590 1785 792 1869 pastionum,
819 1808 919 1850 unum
947 1789 1092 1870 agreste,
1114 1784 1144 1848 in

135 1897 198 1959 quo
222 1875 393 1958 pecuariae
417 1879 505 1957 sunt,
538 1874 676 1938 alterum
700 1874 889 1959 villaticum,
920 1875 956 1938 in
984 1897 1049 1960 quo
1077 1874 1144 1939 sunl

134 1963 275 2048 gallinae
300 1984 338 2028 ae
361 1963 531 2029 columbae
555 1966 588 2027 ei
611 1985 687 2048 apes
711 1967 744 2027 et
766 1966 882 2048 celera,
911 1984 995 2047 qnae
1018 1964 1053 2029 in
1075 1961 1169 2028 ville!

134 2053 240 2117 solent
267 2052 371 2136 passi,
399 2052 438 2116 de
467 2052 584 2136 quibus
613 2056 646 2116 et
673 2052 801 2117 Poenus
827 2051 926 2137 Mago
955 2055 989 2117 ei
1021 2050 1142 2118 Oassius

134 2141 310 2226 Dionysius
339 2144 372 2205 ei
399 2141 456 2205 alii
479 2141 637 2225 quaedam
661 2141 838 2224 separatim
861 2162 899 2206 ae
922 2140 1095 2224 dispersim
1114 2139 1143 2203 in

133 2230 226 2294 libris
250 2229 465 2314 reliquerunl,
493 2251 575 2314 quae
599 2228 691 2295 Seius
719 2230 838 2314 legisse
862 2229 992 2294 videtur
1019 2234 1053 2294 el
1079 2228 1142 2293 ideo

134 2339 173 2382 ex
196 2318 238 2382 iis
260 2317 465 2401 pastionibus
484 2339 523 2382 ex
540 2340 607 2383 una
625 2319 703 2383 villa
722 2319 861 2383 maiores
879 2318 1005 2385 frustm
1025 2336 1142 2402 sapere,

82 2416 123 2476 14
136 2429 231 2492 quam
261 2407 316 2471 alii
343 2406 467 2471 faciunt
494 2429 533 2472 ex
561 2411 632 2472 toto
660 2406 768 2472 fundo.
795 2404 928 2492 Certe,
957 2407 1066 2492 inquii
1086 2405 1170 2471 Me!

133 2498 218 2561 rula:
242 2518 319 2560 nam
337 2497 384 2561 ibi
403 2496 469 2560 vidi
484 2516 599 2581 greges
615 2516 752 2580 magnos
768 2517 927 2582 anserum,
945 2495 1143 2580 gallinarum,

133 2586 369 2668 columbarum,
393 2605 524 2669 gruum,
547 2605 723 2668 pavonum,
746 2607 805 2650 nee
827 2606 894 2650 non
917 2585 1067 2670 glirium,
1088 2584 1144 2669 pis·

133 2675 232 2758 cium,
260 2696 426 2758 aprorum,
457 2677 583 2738 ceterae
612 2675 804 2739 venationis.
849 2695 888 2738 ex
913 2673 1031 2759 quibus
1054 2673 1143 2739 rebus

133 2763 240 2827 scriba
262 2763 424 2846 librarius,
447 2763 585 2828 liberius
609 2763 686 2847 eins,
710 2763 764 2849 qui
784 2763 935 2846 apparuit
953 2761 1097 2828 Varroni
1118 2764 1146 2826 el

222 2955 406 3024 deapianlur
479 2956 567 3026 lan]
591 2956 641 3010 ani
714 2955 837 3028 dapes}
857 2972 924 3011 anes
999 2955 1046 3012 Sei
1064 2957 1106 3028 in]
1125 2952 1145 3009 si

131 3027 161 3083 in
178 3025 239 3098 (Sin
254 3028 293 3097 V)
349 3033 382 3081 10
401 3028 430 3095 el
447 3044 521 3082 nune
539 3027 628 3096 pluris
646 3029 697 3081 tua
714 3025 786 3082 uilla
837 3032 870 3081 11
890 3025 1069 3084 macellarios
1088 3026 1144 3082 einr

131 3105 165 3154 22
184 3098 336 3171 quaedam]
360 3099 436 3166 quod
508 3103 542 3153 23
561 3098 646 3171 quae]
671 3115 740 3167 quas
813 3103 848 3152 24
866 3097 980 3153 maioris
1053 3098 1146 3154 2511-

132 3171 201 3239 quid
273 3175 307 3225 28
326 3168 492 3226 uenationes

225 3349 409 3421 saepiuntur
426 3365 454 3402 m
526 3354 540 3402 7
561 3365 597 3403 an
614 3328 774 3418 propterea
847 3353 863 3402 9
883 3363 951 3418 apes
969 3348 1148 3403 naseanlms

118 3423 195 3478 9ad
214 3422 317 3479 uillam
338 3420 398 3480 Seii
422 3420 543 3480 Ursinus
616 3425 652 3475 iu
667 3437 739 3474 num
747 3418 865 3488 qlurise
938 3423 971 3472 11
985 3417 1148 3474 macellaris

103 3491 192 3551 Seius
208 3496 368 3556 Turnebus
384 3498 498 3556 advers.
514 3501 542 3567 8,
557 3497 576 3552 7
613 3497 652 3550 28
667 3493 698 3548 ee
715 3490 829 3544 selenae
841 3487 1002 3542 nemausum
1015 3489 1152 3543 laesisses
